4254 5716
883 351 958 429 DE
991 349 1238 431 CALCULO
1270 351 1558 431 INTEGRALI

991 551 1284 631 Scholion
1357 565 1394 631 l.

529 734 569 805 6.
606 728 650 802 In
684 722 832 805 calculo
866 720 1107 797 differentiali
1140 726 1216 801 iam
1250 725 1395 818 notavi,
1427 726 1690 821 quaestionem
1724 729 1772 803 de
1804 730 1984 804 differen-

399 856 549 934 tialibus
591 880 669 930 non
702 851 875 927 absolute
924 851 992 924 scd
1025 851 1185 928 relative
1236 877 1321 943 esse
1356 852 1670 953 intelligendam,
1720 855 1855 947 itaut,
1892 856 1987 953 siy

398 983 511 1059 suerit
544 981 687 1059 functio
724 1001 971 1076 quaecunque
1006 976 1122 1073 ipsius
1155 1004 1206 1072 x,
1240 1005 1318 1054 non
1351 993 1429 1053 tam
1464 978 1587 1076 ipsum
1621 981 1700 1057 eius
1733 982 1985 1057 dill'erentiale

397 1103 487 1207 By,
522 1134 638 1206 quam
671 1106 750 1180 eius
786 1103 883 1177 ratio
918 1101 968 1173 ad
1000 1101 1254 1181 differentiele
1287 1102 1363 1187 dx
1394 1106 1442 1182 sit
1474 1107 1701 1183 definienda.
1753 1112 1850 1183 Cum
1884 1109 1985 1182 enim

399 1237 528 1314 omnia
568 1230 834 1325 differentialia
881 1252 952 1333 per
985 1251 1026 1303 se
1061 1234 1135 1306 sint
1168 1233 1283 1308 nihilo
1319 1235 1520 1329 aequalia,
1554 1258 1805 1333 quaecunque
1841 1235 1985 1310 iunctio

397 1387 426 1461 y
458 1364 570 1438 fuerit
602 1361 720 1461 ipsius
752 1384 802 1450 x,
834 1378 990 1453 semper
1023 1374 1082 1433 est
1116 1352 1306 1455 dtr-30,
1340 1385 1463 1456 neque
1498 1361 1552 1437 sic
1586 1362 1789 1459 quicquam
1824 1361 1986 1459 amplius

400 1491 574 1566 absolute
608 1486 740 1585 quaeri
772 1496 917 1584 posset.
986 1483 1127 1560 Verum
1162 1487 1334 1584 quaestio
1370 1487 1420 1560 ita
1454 1487 1525 1562 rite
1556 1490 1725 1587 proponi
1758 1490 1895 1581 debet,
1944 1501 1986 1560 ut

397 1616 488 1691 dum
534 1641 568 1689 a·
599 1614 874 1689 incrementum
915 1609 1019 1709 capit
1046 1609 1193 1688 infinite
1226 1637 1389 1712 parvum
1424 1615 1597 1709 adeoque
1629 1637 1866 1690 evanescens
1900 1606 1988 1702 dx,

397 1741 601 1817 definiatur
630 1740 729 1815 ratio
763 1737 989 1813 inerementi
1021 1736 1225 1817 functionis
1259 1765 1308 1839 y,
1341 1739 1445 1835 quod
1479 1740 1566 1813 inde
1600 1740 1754 1839 capiet,
1806 1741 1854 1813 ad
1887 1738 1987 1814 istud

398 1867 496 1958 bac:
546 1869 617 1945 etsi
648 1867 751 1941 enim
783 1876 983 1961 utrumque
1009 1884 1076 1942 -est
1110 1890 1171 1945 z
1195 1879 1233 1962 0,
1283 1881 1412 1942 tamen
1446 1865 1543 1939 ratio
1579 1880 1685 1940 certa
1718 1867 1828 1939 inter'
1851 1893 1897 1941 ea
1929 1863 1986 1937 in-

399 1994 592 2088 tercedit,
639 2017 738 2092 quae
784 1990 822 2066 in
858 1990 1006 2066 calculo
1055 1994 1296 2070 differentiali
1342 1991 1499 2091 proprie
1534 1991 1795 2090 investigatur.
1863 1993 1921 2065 ltn
1955 1989 1987 2065 si

398 2135 513 2212 fuerit
541 2158 650 2235 p:
665 2162 697 2210 x
715 2162 767 2232 x,
817 2138 856 2211 in
889 2139 1037 2214 calculo
1089 2137 1332 2212 differentiali
1366 2122 1577 2212 ostenditur
1610 2159 1695 2211 esse
1728 2102 1781 2253 ἓξ
1800 2161 1859 2215 :
1880 2149 1902 2212 2
1924 2161 1988 2228 x,

396 2306 525 2381 neque
558 2284 658 2359 hanc
691 2283 1014 2359 incrementorum
1047 2279 1238 2355 rationem
1272 2305 1358 2360 esse
1392 2308 1557 2377 veram,
1604 2281 1676 2360 nisi
1708 2282 1986 2357 incrementum
2070 2302 2076 2356 ἑ

393 2400 427 2497 ὸ
443 2435 488 2504 ae,
521 2434 569 2487 ex
602 2434 678 2508 quo
711 2402 738 2491 ὸ
753 2432 782 2507 y
816 2407 1012 2501 nascitur,
1045 2406 1162 2483 nihilo
1198 2413 1356 2504 aequale
1389 2422 1590 2487 statuatur.
1655 2410 1794 2485 Verum
1828 2422 1955 2483 tamen
1975 2463 1988 2500 ,

400 2537 476 2613 liae
529 2561 623 2612 vera
655 2533 962 2611 differentialium
1011 2533 1167 2603 notione
1203 2537 1439 2626 observata,
1490 2537 1701 2615 locutiones
1735 2558 1989 2626 communes,

401 2660 536 2760 quibus
586 2660 853 2737 differentialia
903 2654 1012 2752 quasi
1062 2654 1235 2728 absolute
1268 2658 1551 2752 enuncientur,
1600 2660 1758 2735 tolerari
1791 2672 1986 2758 possunt,

402 2789 610 2864 dummodo
659 2811 812 2885 semper
853 2782 890 2855 in
923 2797 1050 2854 mente
1083 2780 1219 2854 saltem
1253 2783 1301 2855 ad
1334 2785 1534 2860 veritatem
1567 2785 1797 2859 referantur.
1862 2785 1986 2857 Recte

403 2938 499 3013 ergo
534 2915 705 3002 dicimus,
738 2912 768 2986 si
802 2926 910 3006 y:
925 2930 1008 2997 aex,
1042 2907 1125 2979 sore
1160 2906 1223 3005 by
1242 2928 1304 2984 t:
1327 2904 1486 3005 2xdx,
1519 2923 1600 2983 tam
1633 2910 1703 2984 etsi
1737 2910 1874 2986 salsum
1907 2933 1986 2984 non

402 3018 519 3132 esset,
553 3040 585 3116 si
621 3038 703 3136 quis
738 3038 880 3110 diceret
915 3032 942 3122 ὸ
959 3055 989 3128 y
1006 3052 1068 3107 z:
1091 3029 1243 3125 3xdx,
1277 3038 1337 3111 vel
1372 3030 1434 3135 dy
1450 3057 1511 3112 Ξ
1534 3030 1687 3131 ledae,
1721 3037 1900 3134 quoniam
1935 3038 1989 3111 ob

402 3158 462 3247 dx
480 3185 542 3242 Ξ
563 3177 586 3239 0
624 3178 663 3239 et
695 3158 749 3261 dy
766 3183 828 3238 z:
851 3171 889 3251 θ’,
924 3161 995 3232 hae
1029 3161 1277 3258 aequalitates
1310 3188 1431 3261 aeque
1464 3163 1726 3257 subsisterent3
1759 3165 1827 3242 sed
1860 3163 1987 3265 prima

405 3312 489 3387 sola
527 3310 667 3388 rationi
698 3333 814 3386 verae
848 3270 902 3424 g}
919 3328 981 3383 3:
1003 3316 1078 3382 2'x
1111 3320 1169 3383 est
1203 3284 1496 3383 consentanea..

1003 3475 1294 3552 Scholion
1362 3486 1404 3555 2.

534 3652 575 3724 6.
610 3646 942 3741 Quemadmodum
977 3646 1145 3721 calculus
1176 3645 1436 3722 differentialis
1469 3648 1573 3747 apud
1605 3648 1750 3751 Anglos
1776 3626 1988 3726 'methodus

404 3774 609 3851 durionum
643 3776 885 3873 appellatur,
934 3774 986 3848 ito
1020 3773 1189 3849 calculus
1222 3772 1418 3873 integralis
1457 3778 1505 3850 ab
1540 3775 1585 3852 iis
1616 3780 1817 3853 methodus
1853 3776 1987 3850 llurio·

405 3926 496 3977 num
529 3902 682 3976 inuersa
716 3900 848 3976 vocari
881 3901 1009 3993 solet,
1062 3900 1372 3996 quandoquidem
1422 3902 1704 3980 citationibus
1755 3904 1803 3977 ad
1838 3901 1988 3999 quanti·

403 4039 503 4102 tates
538 4027 698 4102 fluentes
730 4028 945 4102 revertitur.
1013 4024 1121 4120 Quas
1160 4026 1262 4100 enim
1296 4050 1368 4102 nos
1402 4028 1632 4124 quantitates
1679 4029 1884 4103 variabiles
1918 4051 1988 4100 vo·

403 4174 565 4249 eamus,
614 4178 683 4229 eas
714 4154 826 4253 Angli
858 4153 1012 4229 nomine
1044 4152 1168 4252 magis
1200 4153 1341 4231 idoneo
1375 4154 1605 4250 quantitates
1639 4159 1800 4230 fluentes
1832 4163 1990 4244 vocant,

398 4294 445 4357 -et
492 4306 623 4355 earum
656 4281 893 4356 incrementa
942 4279 1084 4355 infinite
1124 4304 1249 4376 parva
1280 4304 1349 4357 seu
1383 4283 1652 4357 evanescentia
1698 4281 1884 4358 fluxiones
1916 4302 1989 4353 no·

403 4406 583 4499 minant,
632 4408 684 4482 ita
718 4422 759 4481 vt
792 4408 979 4484 fluxiones
1010 4407 1102 4506 ipsis
1134 4406 1236 4480 idem
1268 4407 1372 4496 sint,
1424 4408 1527 4502 quod
1560 4409 1671 4487 nobis
1703 4405 1984 4484 differentialis.

404 4534 518 4609 Haec
566 4535 769 4610 diversitas
817 4536 995 4632 loquendi
1044 4536 1096 4607 ita
1129 4531 1205 4607 iam
1254 4557 1325 4608 usu
1358 4531 1541 4626 invaluit,
1588 4549 1632 4610 ut
1665 4532 1880 4611 conciliatio
1926 4530 1990 4603 vix

403 4681 572 4760 unquam
604 4662 653 4741 sit
685 4664 944 4762 expectanda,
977 4660 1153 4762 equidem
1183 4659 1329 4763 Anglos
1361 4661 1413 4739 in.
1433 4660 1607 4747 formulis
1639 4659 1820 4763 loquendi
1850 4659 1985 4739 luben·
