4254 5716
844 372 918 451 aa
948 335 1195 451 cmcnuo
1236 365 1523 445 mraanam

982 570 1277 649 Scholion
1349 577 1386 645 l.

525 764 593 833 lt.
641 756 714 832 llic
763 755 878 833 unica
909 764 1057 831 tanturn
1107 750 1299 851 quantitas
1347 747 1541 826 variabilis
1590 753 1628 827 in
1663 763 1885 850 computum
1919 750 1976 830 in·
2010 826 2014 839 ,,

392 883 499 983 gredi
551 884 724 978 videtur,
775 907 862 958 eum
910 894 1038 957 tamen
1088 892 1298 958 statuamus
1344 889 1423 953 tam
1463 877 1502 951 in
1536 878 1684 958 calculo
1734 878 1979 955 differentiali

390 1034 504 1107 quam
538 1008 740 1110 integrali,
787 1033 941 1107 semper
972 1007 1163 1082 rationem
1212 1006 1375 1079 duorum
1409 1002 1621 1102 pluriumve
1672 1005 1979 1086 differentialium
2092 1046 2095 1051 ·

388 1135 569 1234 spectari.
620 1137 760 1210 Verum
793 1134 867 1209 etsi
896 1132 970 1222 hic,
989 1158 1065 1208 una
1098 1146 1244 1208 tantum
1277 1129 1469 1228 quantitas
1503 1133 1696 1209 variabilis
1727 1155 1761 1205 x
1794 1110 1977 1231 apparet,

392 1271 521 1336 tamen
554 1286 693 1338 revera
724 1263 821 1335 duae
856 1258 1170 1349 considerantum
1221 1258 1342 1334 altera
1374 1256 1474 1331 enim
1509 1271 1569 1332 est
1601 1260 1686 1359 ipsa
1718 1257 1781 1332 illa
1814 1258 1978 1355 lunatio,

390 1387 496 1463 euius
528 1387 780 1463 differentiale
815 1386 1011 1569 sumimusy
1027 1407 1113 1461 esse
1145 1382 1185 1460 X
1203 1375 1230 1465 d
1247 1404 1291 1477 x,
1323 1407 1421 1481 quae
1454 1383 1485 1459 si
1517 1384 1738 1487 designetur
1771 1384 1896 1459 littera
1927 1409 1979 1482 y,

390 1534 463 1610 erit
495 1527 647 1632 dy:
665 1536 704 1610 X
722 1528 748 1617 ὸ
763 1559 808 1628 x,
858 1557 925 1609 seu
959 1495 1011 1647 X}
988 1513 1093 1608 y:
1111 1532 1171 1627 X,
1219 1520 1273 1607 ita
1304 1543 1347 1605 ut
1380 1530 1441 1605 hie
1477 1530 1632 1608 omnino
1665 1530 1764 1603 ratio
1798 1529 1978 1604 differen-

391 1675 532 1753 tialium
565 1661 721 1775 &aaa
736 1689 988 1778 proponatur,
1023 1701 1122 1774 quae
1156 1690 1215 1754 est
1200 1676 1372 1772 t..··:X,
1405 1676 1569 1775 indeque
1599 1672 1676 1750 erit
1709 1665 1977 1770 yzsde:

390 1804 467 1882 hoc
516 1824 641 1879 autem
691 1806 878 1905 integrale
928 1827 1007 1878 uon
1049 1817 1129 1879 tam
1174 1829 1222 1879 ex
1256 1803 1340 1902 ipso
1376 1802 1620 1880 differentiali
1668 1798 1821 1892 Xbar,
1874 1799 1979 1895 quod

388 1928 516 2028 vtique
550 1942 707 2009 est:
728 1943 767 2027 ο,
805 1955 920 2032 qnam
952 1953 1000 2005 ex
1032 1929 1113 2007 eius
1143 1930 1293 2006 ratione
1341 1930 1392 2006 ad
1425 1928 1541 2020 bx
1532 1923 1691 2004 inveniri
1727 1939 1786 2002 est
1818 1948 1979 2000 censen-

389 2052 494 2132 dum
542 2058 748 2134 Caeterum
780 2061 854 2135 hac
888 2057 1039 2157 signum
1062 2059 1103 2156 s
1128 2058 1318 2132 vocabulo
1352 2080 1536 2134 summae
1567 2053 1698 2130 efferri
1710 2016 1840 2141 solet,
1875 2052 1979 2147 quod

390 2204 438 2257 ex
469 2196 659 2280 conceptu
691 2208 829 2285 parum
861 2182 1032 2278 idoneo,
1081 2207 1158 2281 quo
1190 2180 1377 2299 integrale
1415 2194 1599 2280 tanquam
1631 2201 1778 2255 summa
1811 2176 1978 2253 omnium

393 2308 700 2388 differentialium
749 2321 977 2409 spectatur,
1027 2320 1087 2387 est
1128 2324 1281 2404 natum;
1331 2334 1454 2407 neque
1503 2307 1652 2383 maiore
1699 2302 1782 2379 iur'e
1807 2368 1810 2375 .
1831 2300 1975 2378 admitti

389 2446 532 2535 potest,
565 2459 680 2535 quam
713 2436 828 2538 vulgo
862 2436 985 2513 lineae
1019 2459 1066 2512 ea
1097 2436 1250 2538 punctis
1283 2449 1465 2515 constare
1497 2432 1650 2532 concipi
1681 2431 1820 2510 solent.

979 2610 1270 2690 Scholion
1338 2618 1378 2688 2.

528 2775 597 2844 12.
641 2764 713 2842 'At
744 2767 931 2874 calculus·
962 2762 1158 2865 integralis
1208 2765 1326 2840 multo
1374 2764 1486 2842 latius
1519 2784 1634 2863 qnam
1682 2766 1731 2840 ad
1763 2764 1976 2841 huiusmodi

393 2892 580 2974 somnulas
620 2892 870 2992 integrandas
902 2902 1037 2990 patet,
1088 2915 1188 2988 quae
1219 2892 1372 2969 unicam
1403 2889 1627 2969 variabilem
1660 2891 1976 2991 complectuntur.

392 3008 728 3117 Quemadmodum
761 3016 862 3091 enim
894 3014 956 3090 hie
983 3015 1125 3095 functio
1160 3018 1269 3093 unius
1301 3016 1494 3094 variabilia
1527 3042 1560 3092 x
1593 3043 1641 3094 ex
1673 3012 1978 3093 datadilleren-

390 3145 490 3221 tialis
523 3142 650 3218 forma
681 3141 947 3243 investigatum
983 3141 1038 3217 ita
1069 3145 1237 3222 calculus
1270 3144 1466 3245 integralis
1499 3169 1649 3243 quoque
1681 3144 1833 3220 extendi
1865 3145 1990 3221 debet·

329 3292 336 3309 ⁸
391 3270 444 3349 ad
475 3267 690 3345 lunationes
722 3267 882 3343 duarum
915 3267 1130 3366 pluriumve
1161 3270 1400 3349 variabilium
1433 3268 1744 3371 investigandas,
1796 3294 1882 3345 eum
1915 3296 1978 3347 re·

392 3395 486 3472 latio
519 3394 708 3492 quaedam
741 3392 1047 3470 differentialium
1094 3398 1208 3474 fuerit
1240 3396 1454 3499 proposita.
1519 3398 1669 3474 Deinde
1718 3397 1885 3474 calculus
1919 3397 1978 3473 ln·

391 3520 548 3624 tegralis
597 3543 675 3595 non
708 3521 832 3596 solum
865 3522 916 3597 ad
948 3521 1215 3599 differentialis
1261 3522 1374 3625 primi
1408 3521 1552 3600 ordinis
1585 3524 1858 3623 adstringitur,
1907 3527 1977 3600 sed

300 3730 314 3747 ,
391 3648 507 3725 etiam
548 3658 761 3747 praecepta
808 3648 964 3724 tradere
996 3648 1140 3744 debet,
1188 3675 1351 3748 quorum
1384 3673 1459 3747 ope
1492 3649 1706 3726 functiones
1756 3663 1834 3725 tam
1867 3650 1976 3727 unius

392 3798 506 3873 quam
536 3775 697 3847 duarum
729 3772 943 3872 pluriumve
975 3773 1211 3852 variabilium
1249 3774 1469 3876 investigari
1503 3789 1671 3874 queant,
1720 3801 1808 3853 eum
1839 3777 1976 3853 relatio

390 3900 580 4000 quaedam
630 3898 935 3975 differentialium
986 3903 1141 3978 secundi
1195 3904 1386 3979 altiorisve
1422 3887 1632 3980 ‘cuiusdam
1686 3903 1830 3981 ordinis
1863 3904 1978 3981 luerit

391 4029 495 4103 data.
561 4027 685 4122 Atque
719 4028 818 4100 hane
852 4031 903 4102 ob
936 4050 1018 4102 rem
1052 4030 1310 4105 definitionem
1344 4029 1481 4104 calculi
1514 4030 1710 4131 integralis
1750 4030 1802 4105 ita
1835 4030 1977 4107 instru-

389 4153 525 4244 ximus,
556 4163 599 4225 vt
632 4174 766 4228 omnes
800 4151 1014 4228 huiusmodi
1049 4154 1361 4257 investigationes
1396 4156 1435 4232 in
1468 4179 1509 4232 se
1527 4157 1870 4257 complecteretur3
1902 4158 1975 4231 dif-
2019 4206 2022 4213 -

390 4275 603 4354 serentialia
637 4277 738 4352 enim
771 4277 950 4378 cuiusque
984 4279 1127 4359 ordinis
1160 4282 1315 4384 intelligi
1348 4282 1508 4378 debent,
1555 4296 1594 4358 et
1627 4307 1724 4359 voce
1758 4283 1974 4378 relationis,

391 4428 490 4502 quae
526 4403 625 4478 inter
659 4429 707 4479 ea
737 4420 990 4506 proponatur,
1023 4407 1243 4503 sum'usus,
1275 4421 1318 4483 ut
1351 4408 1462 4485 latius
1496 4421 1647 4507 pateret
1681 4433 1778 4484 voce
1800 4411 1972 4502 rationis,

391 4554 490 4627 quae
523 4541 669 4605 tantum
711 4532 872 4607 duorum
905 4532 1211 4611 differentialium
1261 4534 1592 4634 comparationem
1641 4537 1810 4610 indicare
1844 4536 1972 4607 videa·

390 4667 465 4732 tur.
512 4658 573 4736 Ex
604 4659 663 4738 his
697 4682 792 4762 erga
825 4658 1050 4739 divisionem
1090 4663 1226 4741 calculi
1256 4661 1452 4765 integralis
1485 4663 1716 4743 canantuere
1748 4661 1973 4765 poterimus.
