4254 5716
754 410 814 496 IN
854 410 1081 497 amaa.
1592 422 1647 497 td

657 618 1084 698 corollarium
1148 624 1192 697 2.

254 842 330 915 88.
364 831 401 914 Si
443 855 491 911 ea
522 827 712 917 relatione
761 827 1070 910 differentiaiinm
1119 826 1277 907 aecmrdi
1325 825 1469 935 gradun
1502 826 1647 911 rancun
1680 850 1711 931 ρ

112 958 353 1057 definiatur,
400 960 511 1040 binaa
546 958 719 1035 involvet
766 970 989 1036 constantes
1019 954 1273 1052 arbitrariae,
1320 956 1485 1054 ideoque
1516 954 1710 1058 duplicem

118 1085 481 1164 determinationem
514 1082 706 1178 admittit,
754 1107 831 1181 qua
863 1082 965 1162 effici
994 1090 1153 1183 potent,
1186 1094 1229 1158 ut
1258 1082 1388 1184 ponito
1419 1104 1453 1156 m
1474 1096 1539 1159 τε
1555 1105 1596 1178 u,
1628 1105 1709 1160 non

118 1232 246 1311 aulum
279 1252 309 1333 y
340 1231 514 1311 obtineat
543 1231 678 1312 datum
709 1203 883 1313 valorem
915 1224 961 1324 b,
991 1223 1062 1304 aed
1091 1218 1209 1301 etiam
1239 1221 1341 1304 ratio
1371 1190 1427 1349 ἓξ
1458 1224 1552 1305 datu
1584 1222 1708 1306 valoti

116 1393 141 1452 a
172 1373 242 1452 dat
272 1374 456 1473 aequalia.

578 1545 584 1554 ’
648 1529 1070 1640 Corollarium
1139 1560 1180 1634 ³.

249 1775 323 1846 34.
372 1764 410 1844 Si
440 1783 471 1868 y
501 1763 551 1845 ait
582 1765 725 1847 functio
759 1768 936 1848 binarum
968 1762 1208 1843 variabiiium
1251 1782 1287 1841 m
1316 1772 1358 1842 et
1388 1771 1407 1842 t
1437 1784 1486 1843 ea
1514 1759 1704 1845 relatione

113 1888 425 1969 differentialiurn
457 1905 599 1988 eruta,
645 1894 761 1971 etiam
793 1905 1037 1974 constantem
1078 1889 1321 1970 arbitrariam
1353 1892 1551 1986 involvet,
1594 1890 1703 1994 cajo·

112 2016 437 2129 determinatione
468 2018 569 2095 ellici
602 2020 758 2121 poterit,
792 2035 837 2114 ut
867 2018 996 2123 poaito
1029 2024 1165 2113 iza,
1198 2017 1375 2119 aequatio
1406 2018 1508 2094 inter
1536 2038 1567 2116 y
1598 2029 1639 2095 et
1669 2036 1704 2093 m

111 2142 282 2242 prodeat
312 2145 418 2244 data,
449 2168 520 2226 aeu
551 2158 730 2225 nanuum
761 2146 876 2225 datae
910 2143 1125 2248 cujuspiam
1157 2168 1300 2225 canuae
1331 2142 1533 2246 exprimat

763 2354 1060 2437 Scholion.

247 2538 320 2615 do.
351 2532 432 2613 lata
465 2534 704 2614 functionum
736 2535 1004 2635 integralium,
1046 2557 1115 2612 aen
1145 2557 1246 2635 qnae
1277 2558 1350 2637 per
1380 2536 1571 2615 calculum
1603 2535 1702 2613 inte·

112 2659 262 2763 adem
293 2672 383 2738 aunt
412 2660 604 2754 inuentae,
637 2658 903 2736 determinatio
936 2657 1072 2755 quoria
1104 2682 1199 2736 caau
1231 2684 1280 2738 ex
1296 2671 1433 2736 natura
1465 2660 1702 2760 quaestionia
1827 2677 1829 2681 ’

107 2784 445 2863 nocturnale
481 2785 707 2878 deducitur;
738 2808 865 2883 neque
895 2783 976 2860 ulla
1003 2782 1229 2862 difficultate
1263 2785 1443 2881 laborat,
1491 2783 1566 2865 nial
1598 2785 1700 2863 sorte

108 2921 269 3012 praeter
297 2911 568 2989 neceaeitatem
599 2908 738 2988 aolutio
770 2910 822 2987 ad
845 2907 1111 2986 differentialia
1144 2909 1256 2989 fuerit
1272 2910 1474 3010 perducta,
1505 2934 1594 2989 cum
1624 2934 1698 3013 par

108 3034 294 3137 annyain
324 3058 567 3114 communem
598 3034 679 3113 erui
711 3036 913 3135 potuiaaetr
946 3057 1022 3134 quo
1054 3060 1150 3116 oaau
1180 3038 1339 3138 perinde
1372 3050 1487 3137 atque
1518 3036 1559 3121 in
1583 3036 1698 3140 Aige·

109 3160 187 3241 ar·
217 3161 328 3260 quani
358 3162 511 3241 radioea
543 3158 693 3253 inutile'a
724 3161 958 3264 ingeruntur.
1001 3160 1100 3238 cum
1133 3182 1261 3241 autem
1292 3165 1390 3240 haec
1429 3161 1698 3243 determinatio

107 3298 259 3365 tantum
289 3288 329 3365 in
364 3287 623 3389 applicatione
654 3289 705 3366 ad
721 3300 850 3368 certoa
883 3309 997 3365 caaua
1029 3286 1258 3382 inatituatur,
1289 3288 1353 3367 hic
1384 3290 1449 3365 ubi
1481 3289 1699 3395 integrandi

107 3414 330 3491 methodum
367 3413 407 3490 in
440 3437 583 3517 genere
615 3413 821 3509 tradimus,
851 3411 1055 3515 integraiia
1086 3413 1126 3492 in
1158 3413 1262 3493 omni
1294 3414 1543 3518 amplitudine
1575 3439 1695 3495 cona·

106 3537 245 3635 bimur,
276 3538 330 3617 ita
378 3552 421 3618 nt
453 3551 676 3619 conatantea
707 3564 779 3640 per
824 3537 1119 3641 integrationem
1148 3541 1348 3645 ingreaaae
1381 3553 1564 3622 maneant
1593 3540 1697 3620 arbi·

105 3662 281 3761 uariae,
326 3689 452 3766 neque
484 3666 557 3744 nial
604 3665 774 3744 conditio
808 3664 997 3763 quaedam
1029 3679 1197 3769 urgeat,
1229 3689 1298 3745 ena
1343 3666 1695 3749 determinabimua.

107 3789 315 3868 Caeterum
362 3791 629 3870 determinatio
670 3791 906 3868 functionum
938 3788 1058 3890 ipaiua
1088 3814 1123 3866 a·
1169 3792 1449 3895 aimpliciaaimn
1481 3804 1568 3893 cat,
1615 3814 1696 3894 quo

105 3936 180 3995 aaa
212 3940 309 3998 caan
337 3940 373 3995 to
403 3939 468 4001 τ·-
504 3928 544 4014 0,
576 3917 685 4020 iprae
718 3933 995 3996 evanescentea
1028 3918 1252 3997 redduntur.
1632 3907 1637 3919 ’

687 4125 1000 4205 Definitio
1069 4133 1112 4210 6.

233 4312 308 4385 ³6.
341 4304 536 4411 integrale
568 4306 807 4407 completum
837 4308 1008 4386 exhiberi
1040 4307 1191 4402 dicitur,
1221 4309 1378 4410 quando
1409 4307 1555 4389 iunctio
1572 4332 1691 4409 qnae·
1830 4382 1834 4391 .

96 4432 174 4512 aila
207 4432 313 4513 omni
344 4436 566 4512 artenaione
599 4458 685 4513 cum
710 4446 913 4540 constante
932 4434 1136 4513 arbitraria
1162 4451 1488 4538 repraeaentatur.
1522 4438 1692 4534 Quando

95 4574 230 4637 antem
264 4561 337 4636 iata
369 4575 552 4638 constane
593 4561 678 4661 jam
708 4572 817 4640 certo
850 4563 967 4642 modo
999 4575 1060 4642 eat
1093 4564 1361 4662 determinata,
1390 4564 1579 4669 integrale
1619 4586 1688 4640 ro·

93 4687 182 4768 cari
214 4688 316 4767 nolet
339 4687 603 4788 particulare.
