4254 5716
759 361 817 437 nt
861 360 1086 438 GENERE.

662 565 1072 641 Corollarinm
1145 573 1185 638 ³.

55 830 58 835 .
131 883 137 889 ·
258 858 331 924 20.
369 843 595 920 Posterioris
647 857 771 919 antem
807 847 928 943 partis
962 845 1072 944 primi
1109 845 1192 918 libri
1227 845 1471 941 quaestiones
1522 845 1573 919 ita
1607 857 1719 921 erunt

128 1011 394 1094 comparatae,
426 1010 468 1068 ut
502 993 628 1092 posito
662 957 845 1109 3315),
896 957 1084 1110 g—{zq
1132 957 1300 1111 ΞΞΞΓ
1340 1003 1414 1062 ete.
1450 995 1480 1067 si
1515 1019 1711 1092 propona.

125 1158 188 1219 tur
225 1144 402 1239 aequatio
437 1165 686 1239 quaeeunque
721 1143 818 1213 inter
841 1142 1070 1237 quantitates
1105 1165 1149 1233 x,
1182 1163 1223 1236 y,
1253 1161 1293 1234 p,
1329 1162 1365 1237 q,
1399 1163 1421 1211 r
1457 1154 1529 1216 ete.
1565 1142 1710 1218 indoles

126 1271 334 1378 functionis
364 1294 393 1371 y
424 1294 501 1371 per
528 1294 573 1364 x,
607 1291 679 1346 seu
709 1269 889 1363 aequatio
922 1267 1021 1344 inter
1052 1293 1086 1343 x
1118 1281 1156 1342 et
1188 1291 1216 1364 y
1250 1265 1437 1340 eliciatur.

723 1560 1013 1639 Scholion
1081 1567 1120 1635 l.

261 1805 333 1883 21.
370 1795 481 1889 Quae
533 1799 657 1873 adhue
690 1796 728 1871 in
762 1797 909 1872 calculo
943 1796 1120 1896 integrali
1159 1807 1247 1872 sunt
1280 1795 1479 1869 elaborata
1512 1793 1716 1867 maximam

127 1934 280 2023 partem
316 1924 364 1996 ad
398 1924 482 1997 libri
516 1928 629 2023 primi
665 1936 817 2024 partem
850 1924 1015 2022 primam
1048 1945 1135 2000 sunt
1168 1924 1384 2011 referenda,
1419 1920 1456 1993 in
1492 1945 1567 2016 qua
1600 1945 1715 1993 exco-

127 2049 242 2122 lenda
295 2051 527 2125 Geometrae
576 2052 760 2150 imprimis
813 2075 974 2149 operam
1022 2075 1132 2126 suam
1164 2050 1424 2125 collocarunt:
1471 2071 1597 2144 pauca
1630 2060 1718 2121 sunt

128 2200 228 2275 qnae
264 2176 301 2248 in
335 2189 446 2274 parte
480 2178 695 2277 posteriore
729 2191 815 2252 sunt
848 2178 1054 2276 praestita,
1089 2192 1127 2254 et
1162 2178 1259 2250 alter
1293 2173 1400 2257 liber,
1433 2198 1547 2271 quem
1580 2198 1716 2249 secun·

127 2302 218 2374 dum
253 2301 424 2392 fecimus,
458 2306 676 2378 etiamnunc
709 2306 791 2380 sere
824 2330 969 2381 vacuus
1001 2317 1059 2380 cst
1092 2305 1259 2379 relictus.
1301 2299 1428 2372 Prima
1463 2313 1587 2374 autem
1624 2325 1715 2400 pars

127 2426 213 2500 libri
248 2428 385 2526 primi,
434 2427 472 2499 in
506 2456 581 2526 qua
614 2432 852 2529 potissimum
893 2446 1026 2507 nostra
1060 2430 1242 2506 tractatio
1274 2440 1539 2520 consumetur,
1589 2430 1715 2504 denuo

128 2553 167 2627 in
200 2554 331 2653 plnres
377 2557 571 2630 sectiones
619 2553 888 2651 distinguitur,
937 2578 1012 2651 pro
1062 2558 1178 2627 modo
1213 2553 1437 2640 relationis,
1486 2580 1584 2648 quae
1616 2555 1716 2630 inter

129 2703 363 2800 quantitates
408 2726 462 2797 rc,
512 2724 544 2799 y
574 2714 613 2775 et
639 2663 818 2818 ρξ’-ἓξ
850 2697 1091 2798 proponitur.
1160 2694 1314 2770 Relatio
1363 2693 1466 2768 enim
1495 2723 1590 2797 prae
1624 2726 1714 2777 cae·

128 2867 222 2943 teris
257 2866 537 2965 simplicissima
586 2877 670 2959 cst,
719 2864 873 2963 quando
903 2829 1080 2980 ptr-Q}
1111 2877 1295 2962 aequatur
1330 2860 1515 2935 functioni
1549 2862 1716 2962 cuipiam

127 3030 249 3131 ipsius
280 3057 325 3126 x,
344 3055 433 3137 'qna
466 3029 592 3127 posita
624 3050 684 3105 ;··.
703 3029 754 3122 X,
787 3043 828 3104 vt
858 3028 906 3106 sit
937 2995 991 3147 ἐξ
1011 3053 1069 3109 ::
1087 3031 1126 3104 X
1160 3053 1227 3106 seu
1260 3022 1322 3126 dy
1343 3049 1404 3108 z:
1422 3020 1556 3121 de3
1589 3040 1714 3105 totum
1781 3012 1786 3021 ¹

126 3177 321 3276 negotium
357 3176 394 3251 in
414 3176 667 3276 integratione
702 3177 888 3252 formulae
923 3174 1184 3252 differentialis
1217 3169 1329 3255 de
1346 3173 1570 3250 absolvitur:
1605 3175 1716 3251 huius

130 3303 367 3402 operationis
415 3302 491 3379 iam
524 3328 641 3404 supra
674 3305 906 3380 mentionem
956 3305 1132 3395 fecimus,
1185 3327 1282 3399 quae
1332 3304 1449 3400 vulgo
1500 3302 1569 3374 sub
1602 3302 1711 3384 titulo

127 3428 393 3530 integrationis
425 3432 674 3506 formularum
710 3431 1019 3507 differentialium
1044 3427 1282 3529 simplicium,
1317 3453 1386 3504 seu
1399 3427 1551 3500 unicam
1584 3426 1711 3501 raria-

123 3577 240 3654 bilem
290 3577 564 3653 involventium
597 3579 756 3655 tractari
788 3577 898 3655 solet.
964 3576 1114 3651 Eodem
1164 3598 1227 3649 res
1262 3573 1430 3667 rediret,
1475 3572 1506 3649 si
1534 3537 1712 3692 52:23}

126 3733 360 3819 aequaretur
407 3720 592 3797 functioni
641 3723 758 3822 ipsius
810 3742 839 3820 y
890 3734 1068 3814 tantum,
1118 3718 1428 3817 quandoquidem
1478 3721 1710 3814 quantitates

126 3874 158 3925 x
192 3861 231 3922 et
263 3870 292 3944 y
324 3848 375 3922 ita
410 3849 508 3924 inter
542 3872 583 3923 se
616 3849 938 3949 reciprocantur,
987 3861 1029 3922 ut
1061 3848 1181 3922 altera
1214 3859 1397 3942 tanquam
1437 3847 1583 3920 t’tmctio
1615 3850 1710 3925 alte·

124 3976 204 4052 rius
253 3976 421 4073 spectari
471 3975 614 4074 possit;
659 3980 756 4052 haec
790 4001 885 4078 ergo
935 3976 984 4049 ad
1019 3973 1227 4051 sectionem
1277 3973 1442 4071 primam
1481 3974 1712 4050 reserentur.

127 4122 190 4204 sin
224 4137 350 4199 autem
380 4085 561 4238 p:g{
595 4135 779 4219 aequetur
827 4118 1066 4221 expressioni
1108 4122 1240 4194 ambas
1280 4121 1515 4217 quantitates
1546 4106 1578 4194 uc
1612 4138 1650 4198 et
1682 4149 1712 4222 y

121 4266 344 4360 involventi
380 4268 556 4368 aequatio
589 4270 749 4343 habetur
780 4268 1041 4346 differentialis
1074 4267 1181 4343 huius
1201 4268 1350 4343 formae
1381 4263 1711 4370 Pdata-Qbyw,

122 4394 185 4469 ubi
216 4395 247 4469 P
280 4407 320 4469 et
354 4395 393 4488 Q
426 4408 514 4472 sunt
546 4396 813 4492 expressiones
849 4418 1095 4494 quaecunque
1139 4420 1185 4470 ex
1216 4419 1266 4488 x,
1315 4420 1343 4494 y
1375 4411 1414 4472 et
1446 4401 1710 4475 constantibus

123 4520 328 4598 conflatae.
369 4522 600 4619 Quanquam
636 4500 762 4598 autem
798 4527 1028 4600 Geometrae
1060 4523 1216 4596 multum
1250 4522 1287 4596 in
1321 4524 1532 4601 huiusmodi
1568 4553 1708 4624 aequa·

121 4647 268 4726 donum
300 4649 555 4754 integratione
590 4651 837 4751 desudarunt,
869 4667 1000 4731 tamen
1031 4650 1094 4727 rix
1111 4652 1211 4727 ultra
1248 4653 1438 4749 quosdam
1471 4678 1582 4733 casus
1615 4655 1708 4735 satis
