4254 5716
786 361 844 441 IN
891 361 1114 444 GENERE.

748 567 1045 645 Definitio
1115 572 1156 646 3.

136 844 141 853 1
291 756 360 824 13.
395 734 576 824 Calculus
626 747 823 848 integralis
856 748 1035 827 dividitur
1049 828 1051 832 Α
1067 750 1105 826 in
1138 746 1232 825 duaa
1264 762 1409 847 partes,
1442 765 1603 846 quarum
1634 747 1743 846 prior

155 872 275 951 tradit
321 876 574 968 methodum,
622 875 857 953 functionem
878 944 881 949 ⁴
905 876 1016 953 unius
1056 873 1250 965 variabilis
1302 874 1520 952 inveniendi
1570 898 1618 949 ex
1651 875 1743 948 data

153 984 325 1111 quadam
356 1000 544 1077 relatione
592 999 692 1077 inter
724 1003 804 1081 eius
838 1001 1107 1079 differentialis
1155 1012 1234 1077 tam
1267 1000 1383 1101 primi
1416 1026 1532 1102 quem
1564 999 1742 1077 altiorum
1783 1045 1787 1053 =

152 1127 343 1205 ordinum.
647 1119 649 1123 ’
685 1117 687 1121 ’
989 1122 993 1129 ’

278 1253 374 1330 Pare
407 1265 532 1329 autem
567 1255 690 1332 altera
720 1255 942 1332 methodum
977 1252 1168 1350 eontInet,
1200 1252 1435 1330 functionem
1467 1254 1627 1328 duarum
1660 1255 1742 1354 plu·

148 1377 298 1455 riumve
348 1379 586 1456 variabilium
625 1381 869 1476 inveniendi,
921 1407 1008 1460 eum
1041 1382 1176 1466 relatio
1227 1379 1327 1457 inter
1360 1379 1440 1458 eius
1472 1379 1741 1457 differentialis

150 1502 233 1581 sive
264 1505 380 1606 primi
415 1507 494 1583 sive
528 1507 675 1585 altioris
708 1509 906 1586 cuiusdam
941 1511 1084 1611 gradus
1117 1508 1231 1586 suerit
1262 1505 1478 1608 proposita.

683 1746 1099 1823 Corollarium
1173 1755 1209 1823 1.

286 1934 354 2002 14.
397 1925 516 2002 Prout
550 1951 644 2026 ergo
680 1927 823 2003 functio
867 1954 913 2004 ex
948 1930 1037 2005 data
1071 1919 1381 2005 differentialium
1413 1926 1600 2005 relatione
1635 1929 1742 2009 inve·

147 2051 317 2144 nienda,
365 2052 426 2125 vel
463 2052 615 2127 unicam
662 2053 887 2130 variabilem
936 2055 1235 2159 complectitur,
1285 2055 1349 2131 vel
1399 2055 1494 2130 duas
1545 2057 1738 2155 pluresve,

147 2174 237 2250 inde
271 2178 439 2254 calculus
472 2178 668 2278 integralis
701 2171 905 2258 commode
953 2183 990 2258 in
1024 2184 1120 2260 dnae
1153 2195 1285 2282 partes
1318 2179 1554 2281 principales
1586 2184 1734 2285 dispes-

146 2301 257 2397 citur,
288 2308 422 2403 quibus
456 2307 692 2404 exponendis
726 2308 823 2399 datos
855 2306 975 2389 libros
1009 2304 1256 2388 destinamus.

676 2498 1097 2617 corollarium
1166 2554 1207 2619 2.

281 2728 349 2798 16.
385 2722 544 2822 Semper
585 2714 698 2819 igitur
730 2720 897 2827 calculus
930 2712 1125 2824 integralis
1172 2716 1213 2796 in
1244 2720 1463 2800 inventione
1497 2722 1732 2800 functionum

140 2846 328 2926 relunius
362 2851 423 2924 vel
441 2850 605 2949 plurium
640 2840 880 2923 variabilium
915 2862 1107 2951 versatur,
1139 2868 1228 2929 cunt
1261 2851 1408 2927 scilicet
1441 2848 1579 2929 relatio
1613 2875 1744 2949 quae·¹

138 2972 249 3074 piam
294 2976 394 3051 inter
443 2975 524 3053 eius
558 2962 825 3053 differentialia
876 2972 959 3055 eive
1002 2976 1148 3058 altioris
1181 2974 1393 3079 cuiuspiam
1442 2975 1587 3059 ordinis
1620 2974 1764 3055 fuerit·

137 3117 356 3199 proposrta.
1193 3134 1196 3139 ·

780 3316 1089 3395 Scholion.

275 3530 344 3614 16,
396 3528 494 3605 Cum
527 3522 589 3606 hio
623 3526 788 3628 primam
838 3545 989 3628 partem
1031 3526 1167 3603 calculi
1199 3524 1397 3631 integralis
1447 3528 1486 3604 in
1519 3527 1727 3629 investiga·

136 3649 243 3726 tione
292 3655 525 3731 functionum
576 3657 710 3731 unicae
745 3653 938 3731 variabilis
983 3679 1031 3729 ex
1063 3655 1155 3731 data
1186 3654 1491 3730 differentialium
1540 3654 1727 3732 relatione

137 3776 436 3875 constituamus,
487 3780 617 3882 plures
650 3792 782 3881 partes
821 3806 895 3880 pro
916 3770 1090 3856 'numero
1124 3781 1362 3857 variabilium
1396 3781 1630 3857 functionem
1665 3782 1724 3856 in·

134 3904 388 4006 gredientium
441 3907 617 3985 constitui
651 3908 792 3985 debere
812 3907 1020 4003 videatur,
1069 3907 1124 3982 ita
1156 3920 1197 3982 ut
1229 3933 1322 4006 pars
1356 3910 1525 3984 secunda
1559 3906 1722 3984 functio-

133 4052 205 4107 nes
241 4031 401 4132 duarum
434 4033 694 4128 variabilium,
742 4034 856 4112 tertia
888 4034 1013 4128 trium,
1046 4046 1187 4132 quarta
1220 4049 1385 4130 quatuor
1417 4054 1493 4111 ete.
1527 4033 1720 4132 complec-

134 4170 250 4233 tatur.
317 4162 458 4237 Verum
505 4186 577 4260 pro
612 4160 669 4237 his
703 4160 979 4260 posterioribus
1028 4161 1201 4262 partibus
1233 4162 1433 4238 methodus
1467 4160 1548 4247 fere
1582 4160 1721 4235 eadem

131 4282 356 4383 requiritur,
389 4288 442 4362 ita
475 4302 517 4366 ut
548 4287 581 4364 si
613 4286 780 4365 inventio
816 4289 1050 4364 functionum
1085 4289 1179 4366 duas
1213 4288 1416 4365 variabiles
1447 4285 1721 4362 involventium

131 4412 246 4489 suerit
296 4413 334 4488 in
367 4428 580 4512 potestate,
631 4413 695 4487 via
729 4418 778 4490 ad
810 4439 890 4507 eas,
924 4442 1022 4513 quae
1056 4418 1185 4517 plures
1233 4414 1438 4492 variabiles
1490 4413 1716 4514 implicant,

130 4541 225 4615 satis
272 4541 567 4640 sit·patefacta;
615 4541 716 4615 unde
760 4544 1015 4619 inventionem
1066 4541 1251 4618 eiusmodi
1301 4543 1565 4634 functionum,
1615 4561 1714 4633 quae

128 4667 226 4744 duas
259 4668 437 4768 pluresve
471 4668 675 4747 variabiles
709 4670 933 4766 continent,
978 4669 1179 4748 commode
1212 4667 1505 4772 coniungimus,
1552 4663 1718 4765 indeque
