4254 5716
873 404 878 415 ·
905 371 965 455 IN
998 371 1226 456 sanans.
1767 393 1790 467 o

267 585 377 660 nem·
395 577 477 681 ejus
508 557 771 655 differentialis
804 575 855 652 ad
888 568 985 671 oa,
1026 574 1060 655 ai
1091 576 1178 654 sola
1206 599 1240 651 x
1271 597 1346 678 pro
1378 573 1555 655 variabili
1585 575 1785 674 habeatur,
1817 591 1858 658 nt

265 693 363 858 (ᾗ)
395 720 584 798 rationem
616 720 700 822 ejus
732 718 994 799 differentialis
1026 719 1077 796 ad
1109 710 1173 814 δέ,
1205 719 1239 797 ai
1273 720 1357 798 sola
1387 727 1406 795 t
1437 720 1629 803 variabilis
1660 738 1858 821 sumatur;

265 869 398 973 prims
427 887 522 967 pars
555 863 741 965 ejusmodi
773 865 984 944 continebit
1015 865 1272 967 quaestiones,
1305 867 1496 966 inquibus
1528 881 1638 946 certa
1662 872 1856 970 quaedam

265 1011 408 1093 relatio
439 1010 541 1089 inter
573 1011 805 1108 quantitates
835 1035 880 1105 a,
914 1017 942 1106 t,
976 1033 1004 1085 z
1035 1018 1076 1087 et
1105 971 1214 1127 (Ξ-Ξ),
1249 978 1339 1132 (ἐξ)
1370 1013 1615 1113 proponitur,
1647 1028 1687 1093 et
1717 1039 1856 1115 quaes.

266 1160 325 1241 no
371 1160 448 1235 hue
478 1154 602 1250 redit,
648 1165 692 1232 ut
724 1154 813 1232 hine
846 1150 1025 1253 aequatio
1070 1153 1172 1231 inter
1212 1159 1317 1238 solas
1349 1160 1579 1261 quantitates
1627 1187 1679 1251 x,
1711 1167 1728 1235 t
1759 1172 1800 1236 et
1828 1175 1859 1239 z

267 1297 443 1376 eruatur3
474 1280 563 1359 inde
595 1278 698 1357 enim
731 1279 854 1380 qualis
885 1302 914 1358 z
944 1276 995 1358 sit
1026 1277 1170 1359 lirnetio
1204 1280 1374 1384 ipsarum
1408 1313 1442 1364 a·
1473 1300 1514 1365 et
1544 1293 1573 1383 t,
1605 1283 1764 1389 patebit.
1810 1284 1859 1365 In

263 1430 441 1512 secunda
471 1438 585 1530 parte
619 1437 777 1528 praeter
811 1425 882 1504 has
915 1410 1102 1504 formulas
1136 1394 1227 1546 (ξ’-Ξ)
1258 1442 1297 1508 et
1313 1396 1405 1553 (ἐξ)
1435 1430 1553 1555 etiatu
1566 1430 1662 1541 ittae
1677 1394 1859 1557 (fgaeis

265 1555 437 1714 (ἐξ)
469 1606 510 1675 et
539 1551 715 1710 (3³25),
760 1585 801 1663 in
832 1596 1055 1687 computum
1087 1585 1369 1690 ingredienturr
1418 1618 1577 1695 quntum
1633 1593 1861 1698 significatio

264 1754 325 1834 its
355 1768 417 1834 est
446 1755 708 1858 intelligenda,
740 1766 783 1834 nt
815 1755 952 1858 positis
984 1753 1179 1856 prioribus
1212 1723 1304 1879 (ἐξ)
1321 1782 1385 1841 ·.·..
1397 1785 1426 1862 p
1457 1773 1498 1838 et
1530 1725 1619 1880 (ἐξ)
1638 1777 1699 1836 z
1717 1785 1762 1862 q,
1796 1757 1862 1835 ubi

259 1912 368 2001 pet
398 1926 425 2003 q
457 1899 594 1978 iterum
642 1912 774 1981 aenae
821 1912 936 1980 erunt
998 1898 1213 1982 sanctiones
1257 1886 1431 2011 ipsoi'um
1467 1932 1502 1985 x
1533 1921 1574 1985 et
1603 1913 1641 1999 t,
1689 1902 1860 1989 futurum

268 2026 322 2107 sit
353 2024 464 2107 simili
496 2026 756 2128 expressionis
788 2029 921 2123 ruodo,

467 2162 817 2321 <sitdiu
848 2160 1346 2326 uo=oo=en
1379 2169 1699 2330 (itiner

267 2372 477 2476 Proposita
508 2398 604 2475 ergo
635 2374 823 2453 relatione
855 2374 955 2453 inter
987 2377 1059 2454 has
1092 2376 1278 2459 formulas
1311 2395 1351 2460 et
1380 2383 1679 2483 praecedentes,
1728 2374 1856 2457 sirnnl·

268 2526 350 2603 que
383 2502 489 2603 ipsas
504 2499 737 2598 quantitates
768 2525 814 2594 a,
848 2508 866 2576 t
896 2512 937 2578 et
967 2524 1007 2596 z,
1039 2503 1217 2600 aequatio
1250 2504 1350 2584 inter
1376 2519 1507 2584 ternas
1540 2506 1633 2583 istas
1665 2502 1860 2602 quantita·

267 2637 333 2706 aes
363 2628 467 2706 solas
498 2648 551 2719 x,
584 2631 602 2698 t
633 2634 729 2699 etz
759 2621 841 2698 erui
873 2621 1016 2697 debet„
1064 2622 1296 2723 Hujusmodi
1346 2631 1591 2727 quaestiones
1639 2629 1862 2724 frequenter

270 2764 483 2833 occurrunt
529 2749 567 2826 iu
608 2746 841 2825 Meshanica
889 2763 929 2822 et
961 2745 1222 2845 Hydrauliea,
1270 2754 1425 2851 quando
1474 2765 1602 2830 motus
1649 2770 1862 2850 corporum

270 2872 488 2957 sseubiliunr
519 2868 561 2952 et
593 2872 800 2950 fluidorum
831 2872 1049 2975 indagatu13
1081 2895 1128 2948 ex
1160 2899 1237 2971 quo
1269 2877 1433 2956 maxime
1466 2889 1528 2956 eat
1557 2875 1784 2977 optandum,
1816 2884 1862 2948 ut

270 3006 372 3084 liaeo
404 3003 525 3081 altera
558 2998 678 3078 sectio
712 2999 871 3077 secundi
903 2995 990 3074 libri
1022 2997 1159 3075 calculi
1189 3000 1389 3104 integralis
1439 3001 1544 3078 oanni
1577 3023 1671 3076 curs
1703 2999 1857 3075 excola·

273 3144 352 3209 tur.
413 3128 552 3228 Neque
585 3149 679 3202 vero
714 3147 812 3224 opus
845 3123 937 3218 erit,
970 3135 1012 3198 nt
1045 3125 1145 3200 hanc
1176 3123 1511 3229 investigationem
1546 3126 1595 3200 ad
1628 3122 1864 3202 differentia·

275 3256 329 3334 lia
361 3255 500 3333 altiora
531 3251 793 3344 extendamus,
826 3274 914 3324 cum
949 3249 1077 3325 nullae
1110 3250 1235 3330 adhue
1268 3250 1516 3354 quaestiones
1545 3251 1624 3330 sint
1655 3260 1857 3347 uacuus,

272 3406 376 3485 quas
406 3373 516 3461 tanta
546 3377 683 3458 calculi
714 3374 951 3489 inerenreuta
984 3373 1215 3458 desiderent.

871 3584 1167 3665 Definitio
1234 3590 1276 3666 6.

408 3769 481 3855 24.
517 3767 555 3848 si
587 3765 825 3860 tinctiones,
856 3790 959 3864 quae
991 3765 1032 3843 in
1064 3767 1212 3847 salento
1246 3766 1421 3871 integrali
1454 3789 1503 3847 ex
1532 3763 1721 3845 relatione
1751 3762 1867 3842 diffe-

273 3895 494 3977 rentialinm
526 3906 773 3994 quaeruntur,
806 3893 1025 3995 algebraice
1059 3891 1229 3971 exhiberi
1260 3907 1466 3993 nequeant,
1500 3904 1581 3970 tum
1615 3915 1687 3969 eae
1717 3912 1865 3968 vocan-

271 4034 340 4104 nn
371 4021 709 4116 reascendentes,
740 4017 1048 4121 quandoquidem
1080 4042 1215 4100 earum
1243 4021 1345 4101 ratio
1375 4020 1477 4101 vires
1505 4017 1719 4119 manneus
1751 4039 1861 4097 com·

273 4149 403 4232 munis
431 4146 682 4241 uanaceudit

807 4324 1222 4406 corollarium
1292 4334 1331 4445 1ἶ
1403 4399 1405 4402 ,

408 4537 483 4619 25.
542 4534 707 4635 Quoties
738 4560 834 4639 ergo
864 4536 1071 4642 integratio
1102 4560 1183 4617 non
1216 4535 1408 4630 sneoedlt,
1438 4532 1552 4613 toties
1585 4530 1731 4610 fanano
1762 4549 1867 4630 quse

275 4684 354 4769 pet
400 4662 697 4787 uoepauonem
740 4661 955 4767 quaeritur,
1001 4688 1079 4770 pro
1109 4663 1407 4759 mandente
1455 4675 1516 4743 est
1545 4659 1737 4766 tabem
1800 4652 1864 4735 Its

1404 4795 1438 4877 2
