4254 5716
348 352 433 427 298
900 337 1126 419 CAPUT
1191 338 1241 413 Il.

254 530 617 633 ,Ιίὸί-ψ-ὃὸα,
649 539 680 617 si
704 564 775 639 per
809 539 843 612 v
874 539 1084 629 dividatur,
1117 535 1312 635 separari,-
1345 535 1398 609 ita
1430 552 1473 608 ut
1504 532 1542 609 in
1580 535 1654 608 hae
1690 530 1864 607 formula

280 648 502 745 Q
542 686 734 785 quantitas
773 656 905 797 341„
929 684 1071 759 functio
1110 682 1226 756 solius
1259 686 1297 773 t,
1342 691 1381 756 ct
1413 651 1439 794 ᾖ
1471 678 1614 754 functio
1655 678 1777 754 solius
1821 700 1865 752 tt.

381 748 406 801 v

281 840 379 927 Cum
410 848 526 951 igitur
558 850 719 925 formula
752 810 965 963 &Vb-⁸³3
998 867 1069 942 per
1099 867 1141 920 se
1173 842 1221 919 sit
1250 841 1506 943 integrabilis,
1539 840 1655 919 etiam
1685 839 1866 941 integra·

280 1007 363 1087 bilis
396 1010 468 1087 erit
500 1015 596 1086 haec
627 976 854 1124 Q
886 1008 1028 1108 quippe
1060 1007 1113 1082 illi
1144 1005 1336 1104 aequalis,
1375 1004 1560 1103 siquidem
1592 1009 1631 1085 in
1663 1008 1697 1083 V
1724 990 1865 1086 caria·

279 1150 373 1229 biles
405 1179 439 1229 a·
471 1166 509 1229 et
541 1176 570 1249 y
600 1155 860 1229 restituantur.
916 1151 1016 1227 Hinc
1049 1175 1141 1252 ergo
1174 1178 1222 1228 ex
1254 1149 1474 1225 reductione
1508 1154 1558 1227 ud
1590 1154 1867 1252 separabilita-

278 1290 358 1353 tem
391 1278 626 1376 aequationis
657 1268 1114 1374 Pax-t-Qayzo
1158 1277 1356 1367 discimus,
1403 1278 1738 1376 multiplicatorem
1784 1303 1864 1376 quo

280 1445 326 1496 ea
359 1418 593 1521 integrabilis
623 1422 824 1513 reddatur,
860 1445 943 1498 esse
979 1409 1030 1532 ᾗ,
1080 1421 1209 1516 sicque
1243 1444 1340 1519 quas
1381 1425 1624 1521 aequationes
1658 1420 1711 1498 ad
1745 1442 1865 1521 sepa·

279 1560 468 1636 rationem
517 1564 752 1638 variabilium
802 1568 1011 1663 perducere
1061 1564 1168 1656 licet,
1218 1592 1288 1665 pro
1328 1567 1463 1644 iisdem
1495 1568 1864 1666 multiplicatorem,

282 1684 346 1786 qui
378 1688 461 1764 illas
494 1688 739 1789 integrabiles
773 1691 929 1787 reddat,
963 1690 1158 1789 assignare
1193 1717 1409 1792 possumus.

809 1915 1220 1989 Corollarium
1293 1926 1327 1992 1.

413 2119 516 2187 aas.
579 2112 785 2189 Methodus
826 2138 919 2212 ergo
960 2138 1031 2211 per
1063 2113 1374 2210 multiplicatores
1415 2115 1628 2215 integrandi
1662 2118 1871 2212 aequatio·

281 2261 349 2314 nes
382 2238 651 2314 differentiales
686 2264 808 2336 aeque
839 2242 915 2313 late
957 2260 1067 2336 patet
1099 2266 1146 2313 ac
1186 2240 1294 2337 prior
1327 2243 1542 2333 methodus,
1592 2267 1664 2336 ope
1702 2266 1869 2340 separa·

280 2362 394 2439 tionis
427 2362 682 2456 variabilium3
725 2377 935 2464 propterea
969 2366 1070 2461 quod
1100 2364 1185 2462 ipsa
1218 2366 1409 2461 separatio
1440 2390 1515 2465 pro
1547 2367 1682 2463 quavis
1718 2391 1871 2465 aequa·

282 2488 408 2584 tione,
440 2488 504 2564 ubi
538 2490 730 2583 succedit,
759 2491 1093 2589 multiplicatorem
1127 2491 1360 2590 suppeditat.

812 2722 1224 2800 Corollarium
1292 2734 1331 2798 2.

412 2951 519 3026 dssl.
584 2952 728 3024 Contra
770 2962 898 3023 autern
939 2950 1138 3023 methodus
1180 2974 1251 3046 per
1290 2948 1603 3046 multiplicatores
1642 2951 1874 3052 integrandi

282 3073 392 3147 latius
425 3089 533 3171 patet
566 3078 708 3166 altera,
742 3076 771 3149 si
806 3101 877 3171 pro
912 3076 1092 3174 ejusmodi
1130 3075 1418 3170 aequationibus
1451 3075 1771 3173 multiplicatores
1811 3105 1873 3155 as·

282 3196 434 3294 signare
468 3201 599 3292 liccat,
632 3225 730 3296 quae
764 3203 953 3296 quomodo
989 3201 1037 3273 ad
1071 3200 1353 3300 separationem
1386 3201 1545 3299 perduci
1563 3202 1756 3298 debeant,
1790 3230 1873 3281 nou

280 3336 444 3403 constet.

928 3540 1221 3616 Scholion.

415 3722 522 3798 aaa.
589 3722 671 3797 Etsi
706 3731 832 3795 autem
864 3746 910 3795 ex
941 3721 1163 3797 reductione
1199 3723 1247 3796 ad
1271 3722 1552 3821 separationem
1568 3722 1749 3795 idoneum
1768 3723 1873 3797 mul·

282 3846 537 3945 tiplicatorem
570 3847 709 3922 elicere
744 3848 850 3940 licet,
882 3861 1009 3922 tamen
1042 3851 1212 3923 nondum
1244 3849 1478 3948 intelligitur,
1511 3847 1700 3944 quomodo
1727 3846 1871 3948 cogni·

284 3992 325 4047 to
357 3974 671 4070 multiplicatore,
711 3973 905 4072 separatio
939 3973 1175 4048 variabilium
1215 3974 1355 4050 institui
1388 3976 1545 4067 debeat,
1590 3996 1711 4069 quare
1747 3972 1870 4049 etiam

284 4099 335 4171 ob
368 4098 470 4173 hanc
500 4098 687 4172 rationem
719 4100 918 4174 methodus
952 4123 1024 4196 per
1056 4097 1600 4198 multiplicatoresintegrandi
1620 4096 1731 4170 alteri
1750 4098 1869 4200 longe

282 4223 543 4321 praeferenda¹
573 4224 736 4300 ridetur.
800 4223 988 4316 Quamvis
1018 4225 1116 4299 enim
1150 4229 1332 4301 hactenus
1366 4224 1450 4322 ipsa
1483 4222 1677 4321 separatio
1711 4247 1792 4300 nos
1819 4226 1869 4299 ad

282 4344 539 4422 inventionem
588 4348 922 4448 multiplicaturum
968 4349 1209 4447 perduxerit,
1256 4349 1402 4423 nullum
1445 4362 1571 4425 tamen
1611 4361 1675 4424 est
1704 4348 1873 4425 dubium

283 4472 374 4573 quin
407 4472 521 4548 detur
552 4472 615 4547 viu
647 4472 958 4573 multiplicatores
991 4474 1226 4567 inveniendi,
1265 4474 1369 4548 nullo
1402 4490 1580 4574 respectu
1616 4473 1666 4547 ad
1699 4499 1872 4575 separa·

282 4598 426 4679 donem
456 4597 605 4693 habito,
638 4598 727 4676 licet
758 4600 856 4675 haec
888 4599 953 4673 via
984 4599 1193 4675 etiamnum
1223 4600 1333 4676 nobis
1365 4602 1412 4677 sit
1443 4601 1646 4699 incognita.
1718 4602 1783 4678 Ea
1802 4626 1872 4678 au·
