4254 5716
259 352 384 495 ’,ὃ
887 399 1113 478 curor
1175 397 1208 472 t

238 618 464 700 doceatur,
512 607 637 706 primo
680 603 832 700 quidem
882 626 975 681 casu
1008 626 1036 676 η
1055 619 1118 675 :
1143 606 1188 693 1,
1237 607 1316 674 tum
1350 619 1444 674 vero
1476 594 1628 679 casibus
1663 620 1691 672 n
1710 613 1772 673 :2
1795 605 1846 690 2,

262 737 738 830 11:3,1a:d,ete.

853 928 1146 1005 Scholion
1219 939 1256 1002 1.

399 1125 470 1192 60.
503 1116 587 1190 Nisi
622 1113 802 1189 vellemus
837 1111 1061 1210 imaginaria
1094 1110 1256 1200 evitare,
1305 1117 1426 1183 totum
1461 1110 1654 1210 negotium
1689 1133 1735 1181 er
1761 1107 1846 1206 jam

267 1242 414 1330 traditis
448 1241 584 1336 confici
618 1251 763 1337 posset:
798 1238 1085 1314 tlenominatore
1119 1236 1217 1310 enim
1251 1232 1287 1307 N
1319 1237 1356 1309 in
1390 1259 1523 1310 omnes
1556 1258 1645 1310 suos
1680 1236 1848 1309 suctores

168 1443 172 1452 ,
271 1367 461 1465 simplices
493 1368 675 1460 resoluto,
710 1364 789 1440 sive
823 1365 897 1438 sint
928 1364 1050 1438 reales
1084 1362 1163 1438 sive
1196 1360 1426 1459 imaginarii,
1476 1361 1612 1436 fractio
1646 1360 1856 1458 proposita
1938 1384 1941 1392 ·

1661 1476 1686 1525 A

270 1535 423 1611 semper
456 1511 596 1588 resolvi
617 1509 759 1609 poterit
790 1509 827 1584 in
845 1511 1053 1587 fractiones
1086 1508 1266 1608 partiales
1297 1484 1407 1607 ‘hujus
1426 1506 1573 1580 formae
1605 1547 1754 1632 3-4-53,
1787 1504 1848 1578 vel

424 1635 439 1675 ⁶
487 1648 513 1698 A

273 1681 382 1779 hujus
415 1700 599 1814 (Em,
633 1704 792 1775 quarum
824 1678 1027 1778 integralia
1061 1699 1147 1752 cum
1178 1673 1252 1750 sint
1282 1673 1530 1771 inpromptu,
1565 1670 1680 1745 totius
1700 1671 1849 1742 formae

272 1811 392 1956 ξῙ-ὒω
446 1843 632 1945 integrale
684 1849 856 1920 habetur.
921 1847 1017 1920 Tum
1066 1855 1191 1918 autem
1241 1861 1319 1911 non
1351 1862 1488 1937 parum
1519 1837 1719 1911 molestum
1752 1833 1855 1906 soret

275 1986 385 2060 binas
417 1970 549 2083 partes
582 1989 828 2091 imaginarias
862 1960 929 2065 ita·
948 1990 1201 2089 conjungere,
1240 1994 1282 2057 ut
1316 1979 1512 2080 expressio
1545 1977 1659 2054 realis
1689 1979 1856 2055 resulta·

272 2123 346 2203 ret,
379 2112 481 2209 quod
515 2099 643 2190 tamen
675 2117 732 2196 rei
765 2128 902 2192 natura
937 2115 1107 2190 absolute
1141 2108 1269 2210 exigit.
1495 2103 1498 2108 ’

870 2348 1161 2426 Scholion
1228 2354 1272 2422 2.

408 2560 479 2630 ot.
514 2526 588 2631 Hic
622 2558 752 2655 utique
782 2559 1045 2655 postulamus,
1093 2553 1368 2629 resolutionem
1419 2549 1600 2649 cujusque
1651 2547 1890 2625 functionis.

277 2674 448 2779 integrae
482 2680 519 2753 in
553 2682 720 2764 factores
754 2683 865 2757 nobis
899 2681 1074 2772 concedi,
1107 2679 1253 2753 etiamsi
1289 2678 1445 2776 algebra
1478 2675 1693 2771 neutiquam
1728 2675 1857 2749 adhuc

277 2829 324 2877 eo
362 2806 410 2879 sit
442 2806 649 2909 perducta,
690 2820 732 2880 ut
765 2810 860 2880 haec
893 2805 1075 2880 resolutio
1111 2817 1199 2876 actu
1231 2802 1372 2877 institui
1405 2800 1539 2900 possit.
1606 2802 1694 2873 Hoc
1729 2818 1856 2876 autem

279 2927 318 3001 in
341 2929 503 3025 ¹Analysi
536 2930 674 3024 ubique
707 2930 892 3028 postulari
925 2930 1034 3021 solet,
1083 2941 1124 3002 ut
1155 2953 1229 3024 quo
1265 2928 1413 3026 longius
1446 2925 1758 3024 progrediamur,
1809 2952 1859 3001 ea

280 3076 378 3146 quae
414 3064 519 3126 retro
553 3065 641 3126 sunt
672 3055 817 3145 relicta,
851 3053 999 3128 etiamsi
1030 3078 1109 3128 non
1143 3055 1236 3129 satis
1255 3053 1394 3128 suerint
1424 3053 1638 3150 explorata,
1672 3066 1858 3149 tanquam

280 3175 437 3274 cognita
487 3199 743 3255 assumamus:
794 3181 970 3254 sufficere
1018 3179 1162 3255 scilicet
1207 3180 1266 3253 hic
1299 3191 1452 3277 potest,
1503 3201 1636 3254 omnes
1687 3180 1859 3253 factores

279 3323 352 3398 per
385 3302 603 3376 methodum
637 3302 1009 3403 approximationum
1059 3303 1298 3402 quantumvis
1348 3328 1471 3404 prope
1507 3304 1692 3403 assignari
1725 3327 1856 3402 posse.

285 3424 396 3499 Simili
429 3429 546 3503 modo
582 3452 667 3504 cum
701 3430 739 3503 in
769 3431 917 3506 calculo
948 3428 1125 3531 integrali
1158 3430 1307 3530 longius
1340 3429 1655 3528 processerimus,
1688 3428 1860 3527 integra·

281 3549 331 3624 lia
366 3551 532 3627 omnium
565 3555 781 3655 hujusmodi
814 3556 1062 3630 formularum
1095 3555 1133 3630 X
1151 3548 1175 3636 d
1195 3580 1247 3649 aa,
1282 3578 1530 3652 quaecunque
1562 3554 1707 3629 functio
1740 3553 1861 3653 ipsius
1902 3615 1905 3621 .

285 3698 318 3747 τε
350 3677 478 3753 littera
511 3679 548 3752 X
586 3678 842 3778 significetur,
874 3693 1056 3777 tanquam
1089 3680 1243 3780 cognita
1276 3681 1551 3780 spectabimus,
1582 3679 1861 3779 plurimumque

281 3801 391 3877 nobis
432 3805 670 3901 praestitisse
705 3805 936 3900 videbimur,
984 3807 1017 3882 si
1049 3805 1249 3906 integralia
1288 3809 1412 3907 magle
1448 3806 1675 3882 abscondita
1707 3806 1758 3879 ad
1791 3832 1860 3884 eas

283 3925 427 4003 formas
459 3931 643 4006 reducere
675 3932 927 4010 valuerimus:
980 3952 1091 4028 atque
1125 3934 1199 4005 hoc
1232 3929 1348 4005 etiam
1380 3933 1418 4004 in
1451 3956 1520 4006 usu
1552 3931 1724 4030 practico
1768 3932 1861 4007 nihil

284 4056 432 4146 turbat,
465 4080 550 4129 cum
583 4057 736 4131 valores
768 4055 898 4131 talium
932 4059 1180 4130 formularum
1203 4062 1243 4154 s
1254 4048 1401 4151 Xdoe,
1451 4057 1691 4153 quantumvis
1734 4083 1862 4158 prope

285 4178 482 4278 assignare
515 4180 653 4273 liceat,
700 4180 754 4254 uti
786 4182 824 4255 in
858 4183 1100 4279 sequentibus
1134 4183 1390 4260 ostendemus.
1459 4185 1663 4265 Caeterum
1707 4184 1756 4256 ad
1789 4185 1863 4259 has

281 4303 585 4404 integrationes,
633 4288 815 4382 resolutio
865 4308 1161 4383 denominatoris
1213 4307 1249 4381 N
1283 4310 1321 4384 in
1354 4331 1444 4385 suos
1478 4310 1647 4385 factores
1680 4310 1859 4385 absolute

284 4441 342 4504 est
374 4431 622 4523 necessaria,
672 4449 881 4530 propterea
929 4435 1031 4531 quod
1064 4433 1198 4533 singuli
1231 4435 1269 4507 hi
1301 4437 1468 4510 factores
1501 4433 1540 4508 in
1573 4434 1861 4534 expressionem

278 4555 475 4655 integralis
507 4557 789 4656 ingrediuntur:
835 4559 1053 4657 paucissimi
1103 4571 1190 4633 sunt
1222 4583 1356 4652 casus,
1405 4561 1700 4657 iique‘nraxime
1736 4560 1864 4650 obvii,

278 4679 412 4778 quibus
460 4682 533 4758 ista
568 4682 803 4762 resolutione
842 4709 974 4762 carere
1010 4706 1233 4784 possumus:
1281 4686 1396 4761 veluti
1428 4687 1459 4762 si
1492 4708 1731 4788 proponatur
1764 4689 1865 4761 haec
