4254 5716
726 864 1036 975 CAPUT
1106 867 1150 975 Ι.
1222 938 1249 1017 ,

902 1153 972 1220 DE

377 1311 774 1389 rurnoarrrour
820 1274 1189 1389 ronmuniaum
1229 1309 1520 1392 DIFFEREN-

616 1440 838 1515 nmmum
883 1439 1262 1518 urrrourmnn.

787 1697 1100 1774 Definitio.

909 1883 981 1953 40.

147 2042 365 2207 Formula
417 2131 679 2209 differentialis
729 2133 948 2207 rationalis
989 2146 1068 2228 est,
1121 2133 1274 2231 quando
1308 2129 1503 2206 variabilis
1534 2153 1584 2220 x,
1632 2123 1739 2213 euius

149 2259 294 2337 functio
325 2258 542 2356 quaeritur,
594 2259 848 2334 differentiale
882 2253 941 2340 aa
972 2261 1244 2359 multiplicatur
1277 2260 1314 2334 in
1350 2258 1585 2332 functionem
1619 2247 1739 2323 ratio-

150 2387 278 2458 nalem
312 2385 429 2482 ipsius
461 2408 505 2458 m:
538 2406 606 2459 seu
640 2386 672 2460 si
705 2387 744 2460 X
786 2386 960 2486 designet
995 2388 1229 2464 functionem
1264 2383 1493 2460 rationalem
1525 2378 1644 2482 ipsius
1677 2398 1738 2467 xa

148 2513 251 2588 haee
284 2511 449 2587 formula
481 2511 742 2586 differentialis
776 2513 812 2585 X
831 2508 857 2591 c)
875 2538 908 2585 x
938 2513 1079 2588 dicitur
1110 2512 1322 2588 rationalis.

642 2663 1101 2739 ·Corollarium
1174 2674 1210 2743 1.

287 2828 360 2896 41.
409 2821 456 2895 In
488 2819 566 2892 hoc
600 2841 695 2916 ergo
730 2820 856 2915 capite
910 2819 1097 2919 ejusmodi
1132 2815 1277 2892 functio
1310 2815 1494 2915 ipsiusne
1527 2812 1741 2912 quaeritur,
1786 2903 1788 2908 y

150 2992 250 3066 quae
286 2965 317 3042 si
351 2978 517 3067 ponatur
549 2988 597 3063 y,
648 2980 689 3038 ut
721 2927 773 3082 g}
805 2975 989 3060 aequetur
1029 2961 1210 3039 functioni
1242 2959 1422 3037 rationali
1454 2962 1572 3065 ipsius
1603 2986 1637 3036 x
1668 2981 1739 3039 seu

150 3131 280 3235 posita
313 3130 380 3207 tali
413 3092 609 3205 functione
643 3150 707 3207 z:
726 3129 777 3223 X,
812 3143 853 3202 ut
885 3129 933 3203 sit
966 3091 1098 3243 3373:
1116 3128 1168 3203 X.

681 3303 1129 3379 Corollarium-
1171 3315 1211 3380 2.

284 3462 355 3532 42.
401 3456 501 3530 Hinc
551 3456 745 3552 quaeritur
793 3457 981 3557 ejusmodi
1015 3458 1157 3534 functio
1191 3458 1309 3558 ipsius
1343 3482 1388 3550 x,
1421 3460 1527 3560 cujus
1561 3453 1740 3529 differen-

150 3585 241 3660 tiale
293 3583 342 3659 sit
376 3575 606 3674 :xum
656 3584 765 3681 hujus
813 3607 908 3684 ergo
941 3582 1146 3682 integrale,
1196 3585 1300 3683 quod
1347 3585 1401 3659 ita
1432 3581 1593 3660 indicari
1641 3578 1741 3655 solet
1845 3587 1848 3591 ’

142 3704 275 3810 sXO
292 3734 336 3804 a,
368 3709 571 3809 praebebit
603 3710 838 3786 functionem
870 3709 1096 3808 quaesitam.

683 3857 1101 3940 corollarium
1173 3879 1212 3942 3.

287 4021 359 4091 43.
403 4013 552 4107 Quodsi
600 4014 629 4088 P
664 4015 786 4137 fuerit.
811 4018 997 4118 ejusmodi
1031 4019 1175 4096 functio
1211 4020 1331 4120 ipsius
1363 4047 1407 4116 x,
1441 4034 1484 4099 ut
1517 4023 1598 4126 ejus
1631 4026 1740 4102 diffe-

151 4142 315 4218 rentiale
349 4133 405 4221 ὂΡ
439 4141 488 4217 sit
523 4134 726 4235 ,τ’-Χόκ,
767 4145 947 4243 quoniam
990 4146 1212 4243 quantitatis
1246 4149 1372 4242 1³40
1408 4149 1508 4226 idem
1540 4164 1600 4230 est
1632 4152 1741 4228 disre-

154 4270 331 4359 rentiale,
366 4267 554 4342 formulae
589 4269 814 4367 propositae
848 4263 961 4351 xix
996 4272 1182 4372 integrale
1217 4276 1450 4378 completum
1491 4295 1551 4358 est
1584 4280 1740 4385 P-l-C.

745 4422 1037 4502 Scholion
1109 4436 1146 4502 1.

292 4575 364 4652 11.
396 4575 456 4651 Ad
488 4576 574 4653 libri
607 4576 720 4674 primi
737 4592 891 4677 partem
923 4580 1097 4679 priorem
1130 4584 1343 4685 hujusmodi
1370 4589 1742 4683 referunturquaes·

158 4700 311 4797 tiones,
359 4704 495 4804 quibus
526 4703 745 4782 functiones
787 4706 906 4784 solius
935 4707 1130 4786 variabilia
1162 4734 1208 4801 ar,
1242 4734 1288 4786 ex
1320 4714 1412 4790 data
1437 4714 1743 4790 differentialium
