4254 5716
565 366 588 437 a
947 296 1302 440 nuctncuuo
1343 339 1634 439 maneatur

496 558 762 660 particulares⁴
801 570 890 637 sunt
919 558 1134 663 progressi.
1201 557 1267 637 sin
1316 574 1445 639 autem
1489 587 1519 662 p
1554 561 1681 662 magis
1729 564 1961 664 complicatc
2007 588 2083 668 per

495 712 527 759 ,τ
558 700 599 762 et
628 708 659 784 y
691 688 987 783 determinatur,
1017 701 1061 764 ut
1092 686 1173 765 eius
1204 687 1317 766 valor
1348 689 1527 793 explicite
1559 690 1729 769 exbiberi
1759 706 1938 793 nequeat,
1969 692 2088 772 veluti

495 813 528 887 si
561 814 692 891 suerit:

682 972 1496 1102 n⁵=xxn³-oean÷x⁵-a⁵'

497 1203 547 1255 ne
580 1180 644 1255 via
675 1180 829 1279 quidem
864 1191 1021 1259 constat
1051 1182 1250 1278 tentanda,
1283 1183 1478 1281 quomodo
1510 1153 1600 1259 inde
1631 1184 1769 1269 relatio
1801 1186 1902 1261 inter
1931 1208 1965 1260 cc
1994 1202 2091 1287 cty

497 1302 719 1409 investigari
753 1320 883 1407 queat:
918 1332 1046 1409 pauca
1078 1333 1188 1412 ergo,
1221 1334 1320 1409 quae
1352 1310 1414 1385 hie
1447 1311 1602 1387 tradere
1639 1312 1780 1405 licebit,
1812 1338 1899 1389 cum
1925 1337 2090 1412 praeee-

497 1432 674 1512 dentibus
707 1435 918 1517 secundam
952 1435 1164 1513 sectionem
1196 1436 1345 1536 primae
1393 1437 1516 1537 partis
1564 1437 1649 1515 libri
1681 1439 1794 1539 primi
1828 1444 2089 1538 occupabunt.

498 1557 560 1636 lta
607 1586 656 1637 en
686 1563 867 1641 universa
914 1572 1052 1640 nostra
1090 1563 1323 1641 tractatione
1371 1563 1496 1665 magis
1528 1564 1704 1665 patebit,
1753 1567 1857 1663 qnod
1890 1569 2013 1643 adhuc
2047 1568 2090 1644 in

499 1686 649 1765 calculo
682 1688 860 1792 integrali
891 1688 1144 1786 desideretur,
1178 1714 1295 1789 quum
1328 1689 1418 1788 quid
1451 1690 1527 1765 iam
1560 1691 1608 1767 ait
1626 1691 1857 1789 expeditum,
1890 1717 1976 1769 eum
2010 1697 2090 1773 hoc

498 1838 596 1914 prae
628 1814 694 1893 illo
726 1829 770 1893 nt
798 1816 958 1895 minima
992 1818 1183 1897 acaedam
1213 1815 1405 1923 particula
1436 1817 1486 1894 sit
1519 1818 1785 1921 spectandum.

1091 2051 1383 2132 Scholion
1451 2063 1492 2131 2.

629 2276 702 2343 22.
739 2264 784 2341 ln
817 2266 975 2367 singulis
1007 2268 1211 2369 partibus,
1263 2289 1359 2364 quae
1395 2262 1681 2357 enarravimus,
1714 2264 1796 2339 fieri
1829 2263 1944 2340 etiam
1976 2264 2091 2361 solet,

498 2408 651 2471 utnon
685 2394 808 2469 solum
855 2417 934 2468 vna
967 2396 1158 2493 quaedam
1191 2393 1360 2487 functio,
1411 2392 1628 2469 sedetiam
1661 2391 1773 2466 simul
1821 2393 1951 2490 plures
1983 2390 2093 2468 inve·

499 2523 708 2623 stigentnr,
759 2519 813 2595 ita
845 2532 888 2595 vt
922 2536 1060 2597 neutra
1111 2520 1193 2593 cine
1224 2517 1381 2612 reliquis
1419 2515 1569 2591 definiri
1600 2517 1735 2613 possit,
1767 2517 2093 2612 quemadmodum

498 2644 537 2723 in
573 2646 744 2747 Algcbra
775 2646 970 2723 communi
1001 2669 1072 2725 usu
1105 2641 1229 2734 venit,
1259 2655 1303 2717 nt
1336 2639 1385 2715 ad
1419 2638 1647 2717 solutionem
1678 2643 1928 2740 problematis
1961 2645 2093 2745 plures

499 2774 719 2875 incognitae
752 2772 791 2849 ln
824 2773 1011 2849 caleulum
1043 2771 1120 2847 sint
1149 2765 1464 2857 introducendae,
1498 2788 1598 2862 quae
1629 2767 1812 2865 deinceps
1844 2794 1915 2867 per
1933 2768 2095 2846 totidem

500 2899 751 3001 aequationes
784 2896 1099 2971 determinentur.
1133 2893 1257 2971 vetuti
1290 2890 1322 2968 ai
1354 2888 1540 2973 eiusmodi
1574 2891 1688 2969 binae
1721 2893 1937 2975 functiones
1968 2906 2051 2995 yet
2066 2918 2095 2970 z

503 3024 624 3127 ipsius
655 3047 689 3099 x
721 3022 798 3101 sint
828 3020 1093 3114 inveniendae,
1125 3029 1168 3094 nt
1198 3019 1265 3095 sit:

536 3188 545 3209 ’
690 3192 873 3301 adp-l-
893 3197 1067 3291 azzae
1084 3220 1147 3281 z:
1167 3208 1207 3295 0,
1240 3205 1281 3275 et
1310 3193 1533 3292 zexan-l—
1551 3182 1801 3296 dxyBy:
1820 3201 1931 3300 chy:

505 3386 592 3461 ltine
625 3406 753 3461 novae
787 3378 1064 3459 subdivisiones
1103 3393 1262 3458 nostrae
1294 3377 1535 3455 tractationis
1567 3379 1745 3454 constitui
1778 3394 1951 3480 possent.
2016 3382 2094 3460 Ve-

505 3536 589 3589 rum
623 3509 714 3611 qnia
746 3508 806 3584 bic
840 3522 883 3585 ut
914 3506 955 3585 in
988 3507 1155 3607 Algcbra
1206 3505 1398 3582 communi
1448 3517 1569 3580 totum
1602 3506 1798 3606 negotium
1838 3509 1887 3583 ad
1920 3507 2093 3585 elimina·

506 3640 653 3717 tionem
686 3636 800 3713 unius
831 3634 982 3723 littera&
1015 3645 1241 3727 revocatur,
1283 3647 1324 3708 ut
1357 3631 1539 3729 deinceps
1573 3632 1671 3705 duae
1706 3647 1851 3708 tantum
1884 3633 2093 3711 variabiles

505 3767 543 3843 in
592 3788 670 3843 una
702 3760 933 3864 aequatione
981 3760 1201 3863 supersint,
1252 3742 1340 3835 hinc
1374 3756 1555 3834 tractatio
1604 3781 1683 3834 non
1715 3761 2002 3859 multiplicanda
2034 3761 2094 3835 vi·

506 3894 630 3971 netur.

1108 4040 1400 4119 Scholion
1466 4044 1507 4115 3.

639 4262 711 4335 23.
757 4252 804 4331 ln
838 4254 1005 4333 secondo
1057 4252 1155 4329 libro
1200 4251 1336 4329 calculi
1370 4248 1594 4351 integralis,
1643 4274 1719 4347 quo
1754 4251 1899 4328 functio
1931 4255 2094 4331 duarum

510 4384 722 4491 pluriumve
757 4381 993 4459 variabilium
1034 4404 1082 4457 ex
1112 4380 1203 4453 data
1238 4376 1542 4452 dillercntialium
1593 4379 1780 4454 relatione
1814 4378 2096 4481 investigatur,

513 4514 632 4593 multo
666 4508 790 4585 maior
823 4506 1087 4607 quaestionum
1130 4504 1297 4580 varietas
1330 4505 1457 4579 locum
1491 4505 1618 4579 habet.
1672 4505 1726 4579 Sit
1758 4507 1859 4581 enim
1889 4533 1916 4582 z
1949 4508 2095 4585 functio

513 4660 688 4739 binarum
721 4650 959 4733 variabilinm
988 4676 1024 4731 n
1056 4662 1096 4729 et
1127 4658 1144 4727 t
1176 4648 1454 4749 investiganda,
1489 4660 1631 4724 etcum
1664 4615 1753 4768 (Ξῖ)
1784 4651 1943 4731 denotet
1974 4651 2095 4729 ratio.
