4254 5716
360 422 414 495 aa
613 504 618 514 ,
749 403 826 489 oa
857 398 1102 484 enemo
1134 395 1425 479 marcuart

287 613 381 692 niet.
445 586 506 688 ld
555 627 664 684 urum
698 614 824 684 autem
863 605 979 705 longe
1011 599 1363 680 commodiaaimum
1395 605 1478 690 eat,
1508 602 1553 670 ut
1582 589 1737 669 valore·
1767 583 1880 669 noel

290 736 438 813 tionum
485 730 836 812 transcendentium
885 752 981 805 vero
1013 727 1190 826 proxime
1238 724 1482 817 exhibentur,
1528 740 1642 818 quem
1690 716 1729 792 in
1760 718 1881 794 duem

288 859 450 962 insignia
481 883 577 960 paro
610 854 745 938 calculi
778 854 977 956 integralis
1008 852 1047 928 in
1062 849 1395 953 investigationem
1428 846 1614 923 uerierum
1645 842 1879 923 infinitarum

289 985 539 1089 impenditur,
570 1006 670 1083 quae
702 980 857 1059 valorea
892 1001 1025 1057 eurum
1056 976 1296 1085 functionum
1327 973 1563 1054 contineant
1714 1026 1717 1031 ·

910 1236 1249 1315 Theorema.

422 1454 497 1524 ³1.
532 1445 678 1526 Omnes
725 1445 942 1527 functionea
988 1471 1062 1549 per
1093 1443 1283 1525 calculum
1314 1439 1545 1545 integralem
1577 1439 1755 1522 inventae
1787 1450 1880 1520 aunt

292 1569 629 1666 indeterminatae,
676 1597 722 1651 ac
755 1574 955 1672 requirunt
986 1570 1345 1649 determinationem
1377 1593 1428 1648 ex
1455 1580 1597 1649 uutrua
1628 1567 1880 1673 quaestiouie,

291 1698 400 1801 aujua
429 1697 661 1779 aolutiouem
692 1699 950 1801 suppeditant,
980 1697 1202 1800 petendam.

839 1933 1324 2018 Demonstratio.

423 2141 448 2210 ³
460 2142 498 2211 1.
532 2132 631 2213 Cum
664 2156 819 2236 remper
850 2134 1019 2212 induitur
1050 2134 1189 2211 dentur
1221 2130 1458 2223 mactiones,
1490 2146 1655 2230 quarum·
1682 2128 1784 2207 idem
1812 2140 1880 2209 eat

278 2250 574 2358 differentiam,
622 2262 807 2360 aiquidem
840 2259 1046 2338 functionia
1080 2260 1185 2357 1²4-
1202 2260 1255 2351 C,
1288 2257 1504 2356 quicunque
1536 2259 1650 2333 valor
1682 2255 1878 2332 cunctanti

293 2378 327 2454 C
361 2380 570 2480 tribuatur,
602 2362 855 2465 differentiale
886 2385 989 2462 idem
1021 2398 1081 2463 eut
1113 2406 1176 2464 z
1190 2377 1274 2468 dP:
1324 2381 1489 2459 viciaaim
1522 2381 1640 2458 etiam
1669 2379 1876 2481 proposito

287 2500 532 2586 differentiali
565 2511 594 2603 ὸ
610 2510 652 2606 Ρ,
681 2510 869 2614 integrale
901 2522 963 2586 eat
992 2509 1101 2602 P-l-
1120 2510 1176 2603 C,
1223 2507 1289 2588 ubi
1320 2530 1393 2606 pro
1427 2508 1461 2582 C
1494 2507 1747 2605 quantitatem
1778 2526 1877 2582 con·

289 2638 457 2707 mantem
490 2656 754 2733 quamcunque
787 2656 937 2734 ponere
969 2631 1070 2710 licet:
1102 2633 1203 2709 unde
1234 2640 1343 2729 patet
1374 2653 1461 2706 eam
1481 2631 1734 2723 franctionem,
1765 2631 1877 2732 cujua

287 2750 542 2835 differentialc
588 2760 702 2836 datur
743 2776 808 2837 ..“““..
824 2751 852 2841 δ
868 2758 929 2851 Ρ,
975 2780 1061 2835 erae
1094 2754 1454 2849 indeterminatum,
1502 2779 1592 2832 cum
1623 2757 1876 2854 quantitatem

290 2892 535 2957 constantem
569 2881 811 2960 arbitrmiam
843 2880 884 2959 in
917 2903 960 2957 ae
994 2880 1177 2960 involvat.
1243 2878 1351 2956 Idem
1383 2879 1499 2957 etiam
1530 2883 1682 2959 eveniat
1712 2902 1875 2961 necem

191 3108 193 3112 y
258 3014 361 3093 ¹eat,
393 3001 425 3077 ai
442 3004 586 3083 moeno
617 3026 666 3082 er
681 3029 911 3105 quacunque
943 3003 1250 3086 differentialium
1281 3005 1469 3084 relatione
1502 3005 1552 3085 tit
1569 3006 1876 3105 determinanda,

289 3144 520 3226 semperque
567 3131 848 3229 complectetur
881 3129 1132 3230 quantitatem
1164 3143 1404 3215 constantem
1437 3132 1708 3229 arbitrarier),
1757 3133 1872 3236 eujus

287 3249 432 3329 nullum
472 3255 675 3357 vestigium
723 3256 764 3333 in
794 3256 982 3335 relatione
1014 3254 1320 3338 differentialium
1368 3257 1563 3358 apparuit.
1624 3257 1872 3337 Determina·

288 3375 391 3453 bitur
436 3402 533 3482 ergo
565 3382 781 3486 bujuamodi
813 3380 956 3461 iunctio
988 3405 1061 3481 per
1091 3385 1278 3463 calculum
1310 3383 1537 3483 integralem
1567 3383 1751 3480 inventa,
1779 3383 1875 3463 dum

290 3504 484 3582 eonatauti
516 3506 569 3585 illi
601 3507 828 3585 arbitrariae
859 3499 992 3590 cenna
1021 3508 1133 3587 valor
1164 3510 1360 3600 tribuitur,
1399 3533 1513 3608 quem
1546 3533 1701 3610 aemper
1730 3519 1874 3589 natura

258 3630 545 3730 memnonia,
589 3635 701 3736 cuju
731 3631 872 3715 rotato
903 3633 956 3713 ad
984 3631 1087 3710 ittam
1120 3635 1354 3716 structionem
1385 3636 1641 3738 perduxerat,
1688 3633 1872 3740 ruppedi·

285 3751 395 3833 tabit.

818 3957 1234 4038 corollarium
1271 3969 1344 4045 Ι1.

201 4236 204 4247 .
420 4175 493 4242 ³2.
528 4164 565 4244 Si
599 4188 695 4270 ergo
728 4166 934 4267 loueday
965 4166 1083 4271 ipaiua
1113 4190 1148 4242 x
1175 4188 1225 4245 ex
1255 4166 1441 4247 relatione
1472 4169 1653 4271 quapiam
1686 4170 1868 4252 differen-

285 4285 429 4365 tialium
468 4291 665 4388 deliniunt,
713 4316 787 4394 per
819 4306 1062 4372 constantem
1109 4293 1352 4372 arbitrariam
1383 4295 1597 4398 ingressam
1647 4297 1699 4374 ita
1731 4298 1866 4375 deter-

285 4414 422 4491 minari
455 4407 595 4516 potent,
627 4432 670 4495 ut
700 4419 828 4520 potito
860 4443 893 4495 :c
911 4438 973 4498 z
992 4443 1021 4493 a
1053 4420 1120 4495 liat
1149 4438 1257 4517 y:
1274 4419 1317 4497 d:
1363 4445 1440 4519 quo
1473 4424 1577 4500 lacto
1612 4421 1757 4499 functio
1790 4423 1867 4503 erit

284 4537 554 4637 determiuata,
588 4556 628 4620 et
660 4567 736 4645 pro
768 4545 904 4642 quovit
936 4545 1071 4627 valore
1102 4543 1176 4646 ipai
1205 4569 1240 4622 :a
1270 4546 1410 4627 tributo
1442 4548 1587 4628 functio
1618 4570 1649 4651 y
1679 4548 1865 4628 determi-

284 4680 418 4747 natum
449 4669 636 4753 obtinebit
666 4671 851 4754 valorem.
