4246 5722
850 391 1079 473 cnuur
1156 396 1244 473 ru.
1710 405 1791 484 tat
1901 359 1903 363 ’

859 566 1150 680 Scholion
1223 606 1260 677 t.

400 824 505 896 ³02.
542 813 633 892 iioe
682 813 799 889 modo
834 811 1040 918 integratio
1080 816 1198 922 vulgo
1231 811 1417 917 explicari
1448 815 1567 907 solet,
1614 825 1656 893 ut
1689 812 1861 912 dicatur,

261 967 353 1028 ease
386 942 595 1024 summario
643 941 812 1019 omnium
859 945 1036 1022 valorum
1088 943 1273 1022 formulae
1322 940 1590 1021 differentialis
1629 935 1778 1040 de,
1827 944 1859 1022 si

262 1071 446 1152 variabili
478 1098 512 1148 :c
545 1071 767 1150 successive
816 1094 952 1151 amaea
984 1073 1138 1150 valores
1188 1098 1210 1149 a
1244 1073 1337 1149 dato
1378 1072 1546 1171 quodam
1593 1095 1625 1146 a
1654 1071 1776 1172 usque
1810 1073 1861 1149 ad

261 1231 299 1280 x
333 1201 564 1292 tribuantur,
597 1199 660 1296 qui
694 1201 903 1276 secundum
937 1200 1193 1277 differentiam
1226 1190 1294 1283 dcc
1325 1201 1564 1303 procedunt,
1614 1200 1714 1277 hanc
1748 1200 1875 1279 diue·-

263 1330 432 1406 rentiam
484 1345 611 1402 autem
647 1326 790 1402 infinite
822 1351 986 1428 parvam
1020 1329 1146 1430 accipi
1178 1341 1376 1431 oportere.
1444 1326 1581 1404 Similia
1613 1326 1728 1428 igitur
1761 1331 1859 1406 baec

265 1457 368 1536 ratio
400 1454 697 1556 integrationem
740 1457 1058 1557 repraesentanda
1091 1470 1151 1534 cat
1183 1457 1254 1554 rlli,
1294 1481 1372 1557 qua
1404 1454 1443 1532 iu
1480 1455 1704 1533 Geometria
1737 1453 1861 1535 lineae
1919 1528 1924 1535 .

264 1601 308 1663 ut
327 1597 543 1693 aggregata
574 1582 808 1660 infinitorum
843 1599 1073 1685 punctorum
1109 1585 1262 1686 concipi
1295 1585 1433 1673 solent,
1474 1606 1574 1684 quae
1598 1586 1698 1678 idea,
1725 1607 1858 1682 quem·

269 1713 476 1792 admodum
528 1711 557 1788 si
592 1710 664 1787 rite
700 1712 932 1812 explicetur,
979 1713 1125 1790 admitti
1158 1725 1310 1815 potest,
1361 1712 1416 1789 ita
1449 1711 1563 1788 ctiam
1598 1712 1649 1788 illi
1686 1712 1858 1815 integra·

267 1841 383 1920 tionis
415 1838 620 1942 explicatio
654 1837 811 1915 tolerari
844 1855 987 1942 potest,
1004 1843 1228 1930 ,dummodo
1263 1839 1314 1917 ad
1345 1865 1439 1917 vera
1470 1838 1675 1941 principia,
1709 1838 1760 1916 uti
1795 1841 1861 1916 hic
1945 1910 1956 1925 ,

268 1971 454 2064 secimm,
504 1981 738 2062 revocetur,
786 1984 828 2044 ut
861 1968 965 2048 omni
999 1969 1235 2048 cavillationi
1276 1982 1518 2048 occurratur.
1582 1971 1641 2047 Ex
1674 1970 1858 2046 methodo

266 2099 381 2202 igitur
412 2095 587 2196 exposita
620 2095 748 2193 utique
784 2110 918 2196 patet,
967 2095 1264 2198 integrationem
1313 2122 1385 2198 per
1418 2097 1713 2175 summationem
1763 2121 1859 2173 vero

264 2227 443 2329 proxime
475 2223 641 2301 obtineri
671 2246 803 2324 posue,
833 2251 958 2325 aeque
991 2250 1087 2302 vero
1120 2241 1256 2304 exacte
1288 2223 1483 2326 expediri,
1514 2222 1860 2303 nisi*dillerentiae

264 2353 411 2432 infinite
442 2375 604 2453 parrae,
638 2355 712 2449 boe
745 2367 805 2429 est
835 2355 975 2448 nullae,
1008 2367 1239 2432 statuantur.
1292 2354 1417 2450 Atque
1450 2376 1499 2428 en
1530 2356 1605 2430 hoc
1623 2331 1745 2432 'sonte
1779 2352 1859 2429 tam

259 2505 409 2561 nomen
440 2481 719 2581 integrationis,
753 2506 854 2580 quae
887 2483 1002 2559 etiam
1026 2481 1234 2559 summatio
1263 2480 1399 2559 uocari
1428 2479 1544 2573 solet,
1575 2505 1691 2580 quam
1708 2480 1860 2582 siguum

260 2608 467 2712 integralis
494 2611 539 2709 s
560 2624 623 2688 est
653 2620 809 2706 natum,
854 2633 975 2712 quae,
1024 2632 1068 2687 re
1101 2613 1202 2691 bene
1233 2608 1450 2714 explicata,
1496 2607 1653 2688 omuino
1700 2606 1860 2688 retineri
1988 2681 1998 2694 .

258 2750 445 2842 pomi·

859 2995 1155 3077 Scholion
1222 3003 1266 3075 2.

390 3220 507 3298 ³0³.
552 3208 589 3290 si
639 3235 714 3317 pro
748 3210 906 3314 siugulis
938 3213 1171 3310 interuallis,
1219 3211 1259 3291 in
1292 3233 1391 3312 quae
1425 3205 1565 3289 saltum
1597 3207 1650 3288 ab
1682 3233 1712 3285 a
1744 3207 1793 3286 ad
1824 3236 1859 3288 cc

263 3340 519 3438 distinximus,
552 3341 785 3441 quantitates
818 3342 863 3437 A,
897 3338 957 3447 Δῖ,
991 3336 1067 3440 ΑΝ,
1097 3335 1197 3440 Am,
1228 3355 1304 3420 etc.
1334 3363 1479 3418 revera
1510 3351 1641 3418 errent
1673 3352 1861 3420 constan·

266 3486 345 3564 tes,
395 3468 584 3571 integrale
626 3461 781 3569 sde
814 3484 996 3547 accurate
1030 3472 1336 3573 impetraremus.
1402 3467 1572 3547 Eatenus
1618 3491 1714 3572 ergo
1748 3491 1861 3547 error

264 3598 380 3694 incst,
415 3615 604 3697 quatenus
638 3622 713 3698 pro
749 3596 907 3702 singulis
940 3599 1011 3677 illis
1043 3597 1254 3682 intervallis
1288 3597 1383 3676 iatae
1401 3596 1636 3698 quantitates
1668 3609 1862 3675 nunaunt

267 3742 530 3835 constanter.
572 3727 629 3802 Ac
678 3749 754 3828 pro
793 3725 920 3828 primo
953 3725 1107 3828 quidem
1140 3725 1364 3822 intervallo,
1413 3749 1491 3825 quo
1523 3721 1720 3804 variabibs
1767 3750 1801 3800 a
1835 3749 1867 3802 a*

266 3855 434 3931 termino
486 3878 515 3928 a
548 3855 597 3930 ad
632 3850 676 3930 d
708 3853 907 3956 procedit,
958 3857 990 3934 Δ
1031 3870 1091 3933 est
1123 3854 1235 3934 valor
1268 3853 1386 3958 ipsius
1419 3853 1458 3930 X
1493 3851 1657 3930 termino
1703 3877 1733 3932 a
1765 3879 1860 3930 con·

266 3976 448 4076 venient,
500 3981 610 4061 alteri
644 3995 772 4093 autent
806 3982 971 4060 termino
1005 3975 1051 4058 α’
1080 3984 1293 4085 respondet
1324 3975 1375 4083 A*
1380 4012 1392 4077 3
1425 3982 1526 4059 ande
1559 3991 1747 4080 quatenus
1779 4006 1862 4061 uon

266 4090 329 4189 est
372 4104 423 4188 Ν
439 4131 501 4188 ;·;
519 4111 573 4206 Α,
623 4123 781 4188 eatenus
814 4136 927 4189 error
959 4106 1113 4215 irrepit:
1163 4136 1252 4190 cum
1300 4109 1415 4214 igitur
1455 4107 1495 4190 in
1526 4109 1633 4188 istim
1666 4109 1860 4189 interualli

265 4235 374 4314 initio
407 4236 457 4315 sit
488 4236 528 4315 X
547 4261 610 4320 ;·.
628 4239 674 4335 t,
707 4239 744 4314 in
778 4240 857 4318 line
883 4230 1012 4318 au'tem
1044 4240 1082 4318 X
1101 4262 1166 4319 ;·.
1181 4233 1240 4337 A',
1272 4236 1499 4320 conueniret
1531 4237 1658 4341 potius
1691 4225 1862 4318 medium
1898 4312 1900 4317 .

265 4366 464 4466 quoddam
497 4366 597 4445 inter
630 4368 733 4443 liet
765 4357 815 4445 n'
849 4368 1003 4464 assumi,
1034 4367 1073 4445 id
1105 4368 1210 4467 quod
1241 4370 1279 4446 in
1299 4369 1554 4459 correctione,
1575 4368 1685 4471 hujus
1709 4347 1862 4445 metho-

264 4495 305 4573 di
337 4517 430 4573 mox
462 4494 655 4572 tradenda
706 4496 988 4574 observabitur.
1056 4496 1214 4577 interim
1262 4496 1323 4577 bic
1357 4511 1514 4577 notasse
1551 4495 1723 4599 jurabit,
1773 4491 1859 4594 pari

260 4624 353 4727 jure
387 4645 462 4724 pro
495 4624 633 4722 quovis
666 4622 870 4704 intervallo
903 4627 1078 4704 valorem
1112 4607 1192 4704 tam
1217 4626 1370 4704 finalem
1405 4651 1521 4726 quam
1554 4623 1735 4700 initialem
1768 4619 1858 4720 capi

263 4775 402 4859 posse,
434 4752 499 4829 ubi
532 4751 643 4832 simul
678 4755 753 4833 boc
787 4753 1039 4858 perspicitur,
1080 4754 1114 4836 ei
1146 4755 1268 4834 altero
1298 4758 1420 4834 modo
1451 4754 1491 4832 in
1523 4772 1685 4829 excessu
1717 4773 1860 4856 pecce-
