4254 5716
156 376 1741 449 w·-

408 790 1557 1005 uuuuuomuun..
1681 810 1685 817 ·
1783 646 1786 653 ’

358 1322 1537 1441 oALounoruruouALI

732 1570 806 1665 IN
848 1569 1162 1664 GENERE.

749 1894 1043 1971 Definitio
1115 1902 1152 1969 t.

844 2086 848 2095 .
935 2070 972 2139 1·

160 2226 375 2391 Calculus
423 2311 633 2410 intearalts
679 2322 737 2390 est
770 2316 1009 2411 methodus,
1057 2338 1110 2389 ex
1141 2315 1244 2390 data
1276 2312 1607 2413 dffererrtialium
1637 2318 1742 2393 rela-

154 2434 262 2516 tione
295 2439 522 2517 inveniendi
553 2441 791 2517 relationem
826 2446 1010 2539 ipsarum
1042 2445 1336 2541 quantitatum:
1368 2447 1406 2514 et
1434 2447 1627 2539 operatio,
1658 2464 1744 2544 qua

155 2570 235 2643 hoe
261 2569 502 2668 praestatur,
534 2568 753 2659 inteqratto
785 2572 927 2638 uocari
959 2568 1069 2635 solet.
1404 2566 1407 2571 ’

693 2718 1110 2819 Corollarium
1181 2725 1218 2793 1.

290 2892 329 2959 2.
366 2884 465 2959 Cum
513 2882 630 2985 igitur
678 2880 846 2957 calculus
888 2875 1149 2955 differentialis
1201 2901 1249 2952 en
1277 2858 1374 2953 ¹data
1404 2880 1590 2957 relatione
1622 2901 1743 2979 quan·

156 3007 309 3083 titatum
356 3009 622 3099 radmilium,
670 3006 893 3081 relationem
949 3002 1255 3079 differentialium
1302 3002 1534 3107 investigare
1584 3008 1746 3085 doceat:

160 3135 327 3213 calculus
360 3134 558 3239 integralis
588 3134 812 3210 methodum
844 3132 1039 3207 inversam
1071 3129 1305 3228 suppeditat.

699 3298 1113 3376 Corollarium
1181 3306 1223 3371 2.

293 3464 332 3533 3.
385 3456 717 3548 Quemadmodum
766 3459 913 3535 scilicet
951 3457 992 3533 in
1024 3458 1180 3557 Analysi
1216 3469 1405 3557 perpetuo
1455 3464 1567 3536 binae
1601 3478 1743 3561 opera·

98 3635 101 3641 -
161 3586 288 3661 tiones
321 3582 392 3659 sibi
427 3598 699 3682 opponuntur,
749 3585 864 3661 veluti
896 3584 1106 3660 subtractio
1141 3582 1352 3679 additioni,
1401 3586 1535 3673 divisio
1569 3582 1746 3683 multipli-

161 3708 332 3801 cationi,
383 3710 567 3784 extractio
601 3711 774 3789 radicum
808 3709 997 3786 evectioni
1029 3711 1078 3783 ad
1112 3720 1355 3808 potestates,
1404 3708 1458 3787 ita
1488 3711 1604 3789 etiam
1636 3708 1748 3788 simili

161 3837 314 3912 ratione
347 3834 516 3913 calculus
546 3837 742 3938 integralis
775 3836 922 3912 calculo
955 3835 1198 3912 differentiali
1231 3836 1452 3934 opponitur.

690 4005 1112 4082 corollarium
1180 4012 1221 4082 3.

299 4167 339 4236 t.
373 4156 579 4256 Proposita
611 4158 797 4235 relatione
830 4184 1056 4258 quacunque
1089 4160 1187 4235 inter
1219 4160 1331 4240 binas
1359 4158 1590 4260 quantitates
1620 4157 1748 4233 vuna-

165 4286 264 4363 biles
295 4310 327 4358 x
361 4298 400 4361 et
431 4308 487 4380 y,
538 4283 576 4358 in
610 4286 758 4360 calculo
808 4286 1049 4362 differentiali
1096 4288 1298 4365 methodus
1346 4288 1508 4364 traditur
1558 4283 1750 4360 rationem

166 4411 477 4487 differentialium
509 4403 564 4506 dy
582 4437 590 4485 :
609 4404 667 4491 da
700 4412 971 4513 investigandi:
1005 4412 1064 4490 sin
1097 4427 1223 4490 autem
1255 4415 1423 4491 vicissim
1455 4438 1504 4491 ex
1534 4414 1608 4488 hae
1641 4409 1751 4484 diffe-

166 4537 383 4621 rentialium
431 4539 581 4613 ratione
632 4538 716 4637 ipsa
748 4538 1000 4637 quantitatum
1050 4565 1083 4617 x
1116 4553 1155 4617 et
1185 4566 1215 4640 y
1244 4541 1381 4619 relatio
1426 4540 1477 4621 sit
1507 4534 1753 4629 definienda,

169 4666 249 4741 boc
285 4688 381 4764 opus
415 4664 561 4741 calculo
594 4664 770 4766 integrali
802 4668 987 4745 tribuitur.

1308 4804 1326 4871 1
