4254 5716
318 366 408 443 m
868 357 1103 439 CAPUT
1161 355 1251 435 llll.

443 533 1667 680 yzos-AaJ-r-qam÷qca³÷qoal÷eta

249 718 315 819 qui
347 720 423 796 duo
456 719 615 797 calores
639 720 722 823 jam
754 745 827 820 pro
860 731 1044 820 sequente
1076 715 1282 794 intervallo
1315 724 1430 792 erunt
1460 712 1651 812 initiales,
1680 739 1734 795 ex
1768 713 1860 817 qm-

249 847 323 926 bus'
355 847 468 927 simili
499 848 617 926 modo
651 848 784 926 finales
817 848 899 926 erui
933 859 1101 952 oportet.

785 1084 1204 1165 corollarium
1277 1083 1321 1162 l.

386 1320 441 1395 ⁶6
454 1321 492 1399 l·
561 1312 755 1409 Quoniam
790 1314 857 1393 hio·
886 1314 1155 1393 variabilitatis
1182 1310 1387 1391 sanctionis
1420 1311 1455 1390 V
1485 1310 1677 1390 rationem
1711 1314 1860 1393 habui·

248 1463 356 1536 mus,
405 1442 609 1520 intervalla
636 1443 721 1545 jam
755 1445 906 1546 majora
946 1456 1114 1524 statuere
1155 1444 1265 1537 licet,
1305 1465 1355 1517 ae
1388 1439 1421 1518 si
1452 1441 1537 1519 illas
1570 1441 1772 1520 formulas
1799 1445 1863 1539 A,

249 1571 305 1663 Β,
323 1568 447 1665 C,D,
487 1581 563 1649 etc.
603 1569 643 1646 in
682 1570 868 1647 infinitum
899 1573 1124 1650 continuare
1158 1571 1361 1663 vellemus,
1407 1564 1609 1645 intervalla
1642 1584 1860 1669 quantum-

249 1696 309 1775 uis
341 1722 489 1803 magna
519 1699 660 1778 assumi
695 1713 873 1799 possent,
913 1715 996 1778 tum
1028 1715 1161 1780 autem
1190 1724 1270 1801 pro·
1292 1721 1321 1798 y
1344 1696 1510 1776 oriretur
1533 1696 1652 1776 series
1682 1697 1863 1777 infinita.

788 1955 1208 2035 corollarium
1275 1964 1323 2033 2.

384 2189 491 2264 6·5·8'.
559 2185 596 2264 Si
629 2185 741 2266 seriei
774 2186 955 2265 inventae
988 2199 1140 2264 tentum·
1168 2183 1682 2285 binoa·terminoa·p1imos
1719 2208 1861 2264 suma-

248 2335 354 2410 mus,
387 2324 430 2389 ut
461 2314 511 2391 sit
541 2317 694 2415 yzb
716 2318 822 2411 ÷A
841 2345 893 2414 ω,
926 2315 1129 2392 habebitur
1168 2313 1435 2391 determinatio
1469 2314 1737 2414 praecedens,
1783 2339 1859 2392 un·

250 2441 300 2518 de
334 2441 452 2520 simul
476 2455 585 2542 patet
618 2469 800 2526 errorem
832 2446 884 2525 ibi
916 2443 1170 2523 commissum
1197 2441 1445 2544 sequentibus
1478 2439 1652 2520 terminis
1680 2442 1864 2546 junctim

250 2569 385 2648 sumus
420 2569 599 2671 aequari,

781 2789 1209 2871 Corollarium
1273 2799 1323 2866 3..

386 2993 491 3074 659.
558 2991 718 3071 Etiamsi
752 3005 885 3071 autem
916 2994 1026 3071 seriei
1059 2995 1238 3071 inventae
1271 2991 1864 3095 pluresterminoscapiamus,

251 3116 472 3194 consultum
503 3131 634 3196 tamen
667 3147 746 3198 non
779 3123 852 3198 erit
884 3122 1086 3199 intervalla
1118 3123 1230 3200 nimis
1262 3147 1407 3222 magna
1439 3120 1636 3213 constitui,
1668 3133 1715 3195 ut
1734 3145 1763 3200 ω
1784 3147 1859 3196 va-

251 3243 375 3318 lorem
424 3247 618 3320 modicum
669 3249 858 3345 obtineat,
908 3251 1118 3350 praecipue
1159 3250 1190 3327 si
1232 3250 1464 3351 quantitates
1499 3249 1557 3346 B,
1587 3249 1643 3345 C,
1676 3250 1740 3344 D,
1777 3262 1858 3328 etc.

252 3369 423 3448 evadant
454 3371 567 3449 valde
600 3396 779 3475 magnae,

904 3608 1200 3688 Scholion.

387 3813 491 3887 660.
559 3810 734 3887 lllarimo
770 3809 1020 3889 incommodo
1054 3816 1127 3888 hae
1162 3812 1410 3914 operationes
1426 3815 1650 3906 turbantur,
1675 3810 1716 3888 si
1730 3837 1861 3912 quam

252 3937 302 4012 do
337 3936 476 4012 horum
509 3939 806 4015 catificientium
839 3942 893 4034 A,
925 3941 978 4035 B,
1015 3942 1069 4033 C,
1103 3943 1163 4035 D‘,
1198 3954 1272 4016 etc.
1307 3942 1463 4040 quidam
1495 3941 1534 4017 in
1567 3939 1759 4016 infinitum
1787 3969 1855 4018 er·

250 4077 445 4141 crescant.
525 4066 667 4142 Evenit
699 4081 827 4145 autem
861 4070 936 4143 hoe
969 4081 1116 4143 tantum
1149 4067 1192 4144 in·
1232 4069 1347 4145 certis
1381 4069 1611 4162 interuallis,
1662 4067 1732 4144 ubi
1764 4068 1854 4171 ipsa

250 4192 446 4289 quantitas
480 4192 513 4264 V
545 4193 607 4268 vel
638 4195 677 4270 in
709 4194 867 4269 nihilum
915 4195 994 4271 abit
1044 4197 1106 4271 vel
1155 4197 1194 4272 in
1228 4197 1433 4292 infinitum,
1483 4196 1542 4272 cui
1573 4196 1852 4289 incommodo,

251 4317 576 4418 quemadmodum
625 4322 674 4397 sit
718 4323 1018 4418 occurrendum,
1060 4325 1146 4425 jam
1186 4324 1374 4402 innuimus
1416 4338 1457 4400 et
1495 4349 1587 4401 mox
1627 4325 1852 4402 accuratius

251 4449 512 4525 ostendemus.
599 4449 806 4526 Caeterum
848 4453 1016 4528 calculus
1058 4478 1130 4551 pro
1174 4454 1331 4554 singulis
1365 4452 1577 4529 intervallis
1610 4453 1699 4552 pari
1733 4456 1856 4530 modo

250 4573 477 4672 instituitur,
511 4579 567 4654 ita
599 4599 642 4654 ut
676 4602 762 4653 cum
795 4579 877 4680 ejus
909 4580 1008 4655 ratio
1041 4604 1116 4679 pro
1149 4582 1351 4659 intervallo
1384 4581 1510 4681 primo
1548 4579 1853 4676 fueritinventa,

252 4706 357 4802 quod
386 4706 522 4808 incipit
555 4731 582 4784 a
611 4705 807 4786 caloribus
842 4728 915 4803 pro
949 4707 1070 4785 lubitu
1104 4710 1282 4787 assumtis
1317 4738 1349 4788 a
1366 4729 1429 4787 :z
1447 4733 1475 4786 a
1508 4727 1548 4788 et
1579 4732 1609 4808 y
1627 4730 1691 4788 Ξ
1706 4708 1756 4807 b,
1786 4734 1853 4788 et·
