<?xml version="1.0" encoding="UTF-8"?>
<!DOCTYPE html PUBLIC "-//W3C//DTD XHTML 1.0 Transitional//EN"
    "http://www.w3.org/TR/xhtml1/DTD/xhtml1-transitional.dtd">
<html xmlns="http://www.w3.org/1999/xhtml" xml:lang="en" lang="en">
 <head>
  <title>
</title>
<meta http-equiv="Content-Type" content="text/html;charset=utf-8" />
  <meta name='ocr-system' content='tesseract 3.04.00' />
  <meta name='ocr-capabilities' content='ocr_page ocr_carea ocr_par ocr_line ocrx_word'/>
</head>
<body>
  <div class='ocr_page' id='page_1' title='image "./leonhardieuleri00eulegoog/leonhardieuleri00eulegoog_0284.png"; bbox 0 0 4254 5716; ppageno 0'>
   <div class='ocr_carea' id='block_1_1' title="bbox 325 367 1224 467">
    <p class='ocr_par' dir='ltr' id='par_1_1' title="bbox 325 367 1224 467">
     <span class='ocr_line' id='line_1_1' title="bbox 325 367 1224 467; baseline -0.004 -17"><span class='ocrx_word' id='word_1_1' title='bbox 325 392 415 467; x_wconf 73' lang='lat' dir='ltr'>m</span> <span class='ocrx_word' id='word_1_2' title='bbox 874 367 1109 451; x_wconf 70' lang='lat' dir='ltr'>CAPUT</span> <span class='ocrx_word' id='word_1_3' title='bbox 1171 367 1224 447; x_wconf 84' lang='lat' dir='ltr'>n.</span> 
     </span>
    </p>
   </div>
   <div class='ocr_carea' id='block_1_2' title="bbox 151 564 1848 1064">
    <p class='ocr_par' dir='ltr' id='par_1_2' title="bbox 151 564 1848 1064">
     <span class='ocr_line' id='line_1_2' title="bbox 258 564 1847 682; baseline -0.011 -19"><span class='ocrx_word' id='word_1_4' title='bbox 258 585 392 682; x_wconf 74' lang='lat' dir='ltr'>Quare</span> <span class='ocrx_word' id='word_1_5' title='bbox 439 585 594 659; x_wconf 63' lang='lat' dir='ltr'>inuento</span> <span class='ocrx_word' id='word_1_6' title='bbox 621 602 705 656; x_wconf 77' lang='lat' dir='ltr'>ano</span> <span class='ocrx_word' id='word_1_7' title='bbox 719 575 1034 676; x_wconf 71' lang='lat' dir='ltr'>multiplicatore</span> <span class='ocrx_word' id='word_1_8' title='bbox 1063 574 1130 665; x_wconf 62' lang='lat' dir='ltr'>«L,</span> <span class='ocrx_word' id='word_1_9' title='bbox 1176 581 1390 670; x_wconf 72' lang='lat' dir='ltr'><strong>quaeratur</strong></span> <span class='ocrx_word' id='word_1_10' title='bbox 1420 566 1494 672; x_wconf 80' lang='lat' dir='ltr'>per</span> <span class='ocrx_word' id='word_1_11' title='bbox 1520 564 1847 679; x_wconf 64' lang='lat' dir='ltr'>[integrationem</span> 
     </span>
     <span class='ocr_line' id='line_1_3' title="bbox 151 683 1845 810; baseline -0.011 -18"><span class='ocrx_word' id='word_1_12' title='bbox 151 703 154 711; x_wconf 42' lang='lat'>¹</span> <span class='ocrx_word' id='word_1_13' title='bbox 262 699 856 810; x_wconf 62' lang='lat' dir='ltr'>ZzsLoPox-l-Qoy),</span> <span class='ocrx_word' id='word_1_14' title='bbox 891 727 937 778; x_wconf 88' lang='lat' dir='ltr'>ae</span> <span class='ocrx_word' id='word_1_15' title='bbox 969 716 1048 775; x_wconf 81' lang='lat' dir='ltr'>tam</span> <span class='ocrx_word' id='word_1_16' title='bbox 1080 698 1279 798; x_wconf 76' lang='lat' dir='ltr'>expressio</span> <span class='ocrx_word' id='word_1_17' title='bbox 1312 683 1495 797; x_wconf 66' lang='lat' dir='ltr'>Lorzz,</span> <span class='ocrx_word' id='word_1_18' title='bbox 1528 703 1598 789; x_wconf 57' lang='lat' dir='ltr'>ubi,</span> <span class='ocrx_word' id='word_1_19' title='bbox 1623 727 1698 802; x_wconf 92' lang='lat' dir='ltr'>pro</span> <span class='ocrx_word' id='word_1_20' title='bbox 1733 693 1845 804; x_wconf 69' lang='grc' dir='ltr'>Φεῑ</span> 
     </span>
     <span class='ocr_line' id='line_1_4' title="bbox 263 825 1848 934; baseline -0.008 -20"><span class='ocrx_word' id='word_1_21' title='bbox 263 839 406 914; x_wconf 82' lang='lat' dir='ltr'>lirnctio</span> <span class='ocrx_word' id='word_1_22' title='bbox 452 858 701 934; x_wconf 87' lang='lat' dir='ltr'>quaecunque</span> <span class='ocrx_word' id='word_1_23' title='bbox 741 832 867 931; x_wconf 83' lang='lat' dir='ltr'>ipsius</span> <span class='ocrx_word' id='word_1_24' title='bbox 917 830 948 902; x_wconf 86' lang='lat' dir='ltr'>Z</span> <span class='ocrx_word' id='word_1_25' title='bbox 982 825 1123 902; x_wconf 86' lang='lat' dir='ltr'>assumi</span> <span class='ocrx_word' id='word_1_26' title='bbox 1168 833 1330 925; x_wconf 83' lang='lat' dir='ltr'>potest,</span> <span class='ocrx_word' id='word_1_27' title='bbox 1375 826 1491 903; x_wconf 27' lang='lat' dir='ltr'>‘dabir</span> <span class='ocrx_word' id='word_1_28' title='bbox 1528 829 1694 907; x_wconf 72' lang='lat' dir='ltr'>infinitos</span> <span class='ocrx_word' id='word_1_29' title='bbox 1715 830 1848 911; x_wconf 66' lang='lat' dir='ltr'>‘alios</span> 
     </span>
     <span class='ocr_line' id='line_1_5' title="bbox 261 948 1196 1064; baseline -0.015 -24"><span class='ocrx_word' id='word_1_30' title='bbox 261 964 578 1064; x_wconf 74' lang='lat' dir='ltr'>multiplicatores</span> <span class='ocrx_word' id='word_1_31' title='bbox 611 960 710 1036; x_wconf 76' lang='lat' dir='ltr'>idem</span> <span class='ocrx_word' id='word_1_32' title='bbox 743 948 908 1034; x_wconf 84' lang='lat' dir='ltr'>osticium</span> <span class='ocrx_word' id='word_1_33' title='bbox 938 965 1196 1055; x_wconf 86' lang='lat' dir='ltr'>praestantes.</span> 
     </span>
    </p>
   </div>
   <div class='ocr_carea' id='block_1_3' title="bbox 897 1182 1195 1258">
    <p class='ocr_par' dir='ltr' id='par_1_3' title="bbox 897 1182 1195 1258">
     <span class='ocr_line' id='line_1_6' title="bbox 897 1182 1195 1258; baseline -0.017 0"><span class='ocrx_word' id='word_1_34' title='bbox 897 1182 1195 1258; x_wconf 84' lang='lat' dir='ltr'>Scholion.</span> 
     </span>
    </p>
   </div>
   <div class='ocr_carea' id='block_1_4' title="bbox 263 1373 1855 2116">
    <p class='ocr_par' dir='ltr' id='par_1_4' title="bbox 263 1373 1855 2116">
     <span class='ocr_line' id='line_1_7' title="bbox 395 1373 1852 1476; baseline -0.012 -12"><span class='ocrx_word' id='word_1_35' title='bbox 395 1373 499 1464; x_wconf 62' lang='lat'>263.</span> <span class='ocrx_word' id='word_1_36' title='bbox 557 1379 731 1458; x_wconf 80' lang='lat' dir='ltr'>&#39;Tametsi</span> <span class='ocrx_word' id='word_1_37' title='bbox 764 1379 927 1467; x_wconf 82' lang='lat' dir='ltr'>sufficiat</span> <span class='ocrx_word' id='word_1_38' title='bbox 958 1402 1030 1476; x_wconf 90' lang='lat' dir='ltr'>pro</span> <span class='ocrx_word' id='word_1_39' title='bbox 1058 1375 1193 1476; x_wconf 84' lang='lat' dir='ltr'>quavis</span> <span class='ocrx_word' id='word_1_40' title='bbox 1228 1373 1454 1472; x_wconf 77' lang='lat' dir='ltr'>aequatione</span> <span class='ocrx_word' id='word_1_41' title='bbox 1486 1374 1727 1455; x_wconf 79' lang='lat' dir='ltr'>differentiali</span> <span class='ocrx_word' id='word_1_42' title='bbox 1760 1383 1852 1460; x_wconf 77' lang='lat' dir='ltr'>uni.</span> 
     </span>
     <span class='ocr_line' id='line_1_8' title="bbox 263 1484 1852 1613; baseline -0.004 -22"><span class='ocrx_word' id='word_1_43' title='bbox 263 1484 705 1613; x_wconf 53' lang='lat' dir='ltr'>cum&#39;miltiplicatoreui</span> <span class='ocrx_word' id='word_1_44' title='bbox 726 1492 980 1606; x_wconf 77' lang='lat' dir='ltr'>cognovisse,</span> <span class='ocrx_word' id='word_1_45' title='bbox 1015 1518 1141 1578; x_wconf 86' lang='lat' dir='ltr'>tamen</span> <span class='ocrx_word' id='word_1_46' title='bbox 1176 1526 1385 1578; x_wconf 87' lang='lat' dir='ltr'>occurrunt</span> <span class='ocrx_word' id='word_1_47' title='bbox 1416 1516 1548 1596; x_wconf 89' lang='lat' dir='ltr'>casus,</span> <span class='ocrx_word' id='word_1_48' title='bbox 1584 1510 1719 1602; x_wconf 78' lang='lat' dir='ltr'>qurbus</span> <span class='ocrx_word' id='word_1_49' title='bbox 1754 1534 1852 1609; x_wconf 89' lang='lat' dir='ltr'>per·</span> 
     </span>
     <span class='ocr_line' id='line_1_9' title="bbox 265 1630 1852 1739; baseline -0.003 -21"><span class='ocrx_word' id='word_1_50' title='bbox 265 1665 379 1739; x_wconf 88' lang='lat' dir='ltr'>quam</span> <span class='ocrx_word' id='word_1_51' title='bbox 415 1640 505 1713; x_wconf 82' lang='lat' dir='ltr'>utile</span> <span class='ocrx_word' id='word_1_52' title='bbox 538 1650 613 1726; x_wconf 91' lang='lat' dir='ltr'>est,</span> <span class='ocrx_word' id='word_1_53' title='bbox 647 1637 775 1733; x_wconf 87' lang='lat' dir='ltr'>plures</span> <span class='ocrx_word' id='word_1_54' title='bbox 808 1633 884 1705; x_wconf 85' lang='lat' dir='ltr'>imo</span> <span class='ocrx_word' id='word_1_55' title='bbox 918 1631 1083 1706; x_wconf 82' lang='lat' dir='ltr'>infinitos</span> <span class='ocrx_word' id='word_1_56' title='bbox 1119 1631 1430 1728; x_wconf 79' lang='lat' dir='ltr'>multiplicatores</span> <span class='ocrx_word' id='word_1_57' title='bbox 1464 1630 1500 1703; x_wconf 89' lang='lat' dir='ltr'>in</span> <span class='ocrx_word' id='word_1_58' title='bbox 1536 1647 1687 1730; x_wconf 84' lang='lat' dir='ltr'>promtu</span> <span class='ocrx_word' id='word_1_59' title='bbox 1722 1637 1852 1712; x_wconf 88' lang='lat' dir='ltr'>habe·</span> 
     </span>
     <span class='ocr_line' id='line_1_10' title="bbox 263 1751 1852 1860; baseline -0.003 -18"><span class='ocrx_word' id='word_1_60' title='bbox 263 1791 320 1842; x_wconf 89' lang='lat' dir='ltr'>re.</span> <span class='ocrx_word' id='word_1_61' title='bbox 356 1765 478 1840; x_wconf 83' lang='lat' dir='ltr'>Veluti</span> <span class='ocrx_word' id='word_1_62' title='bbox 511 1763 540 1839; x_wconf 90' lang='lat' dir='ltr'>si</span> <span class='ocrx_word' id='word_1_63' title='bbox 561 1764 736 1859; x_wconf 82' lang='lat' dir='ltr'>aequatio</span> <span class='ocrx_word' id='word_1_64' title='bbox 771 1751 972 1858; x_wconf 84' lang='lat' dir='ltr'>proposita</span> <span class='ocrx_word' id='word_1_65' title='bbox 1002 1759 1155 1832; x_wconf 85' lang='lat' dir='ltr'>induas</span> <span class='ocrx_word' id='word_1_66' title='bbox 1190 1770 1318 1854; x_wconf 88' lang='lat' dir='ltr'>partes</span> <span class='ocrx_word' id='word_1_67' title='bbox 1354 1757 1555 1832; x_wconf 84' lang='lat' dir='ltr'>commode</span> <span class='ocrx_word' id='word_1_68' title='bbox 1588 1760 1852 1860; x_wconf 77' lang='lat' dir='ltr'><strong>discerpatur,</strong></span> 
     </span>
     <span class='ocr_line' id='line_1_11' title="bbox 264 1877 1852 1992; baseline -0.003 -24"><span class='ocrx_word' id='word_1_69' title='bbox 264 1890 476 1992; x_wconf 85' lang='lat' dir='ltr'>hujusmodi</span> <span class='ocrx_word' id='word_1_70' title='bbox 527 1883 650 1974; x_wconf 69' lang='lat' dir='ltr'>(Prior</span> <span class='ocrx_word' id='word_1_71' title='bbox 674 1891 737 1981; x_wconf 71' lang='lat' dir='ltr'>-l-</span> <span class='ocrx_word' id='word_1_72' title='bbox 762 1881 888 1984; x_wconf 67' lang='lat' dir='ltr'>Qoy)</span> <span class='ocrx_word' id='word_1_73' title='bbox 914 1886 979 1978; x_wconf 75' lang='lat' dir='ltr'>—l-</span> <span class='ocrx_word' id='word_1_74' title='bbox 1004 1886 1134 1974; x_wconf 76' lang='lat' dir='ltr'>(be</span> <span class='ocrx_word' id='word_1_75' title='bbox 1159 1886 1223 1978; x_wconf 70' lang='lat' dir='ltr'>-l-</span> <span class='ocrx_word' id='word_1_76' title='bbox 1249 1877 1359 1980; x_wconf 71' lang='lat' dir='ltr'>say)</span> <span class='ocrx_word' id='word_1_77' title='bbox 1387 1893 1492 1967; x_wconf 81' lang='lat'>:0</span> <span class='ocrx_word' id='word_1_78' title='bbox 1546 1899 1658 1982; x_wconf 88' lang='lat' dir='ltr'>atque</span> <span class='ocrx_word' id='word_1_79' title='bbox 1709 1914 1852 1968; x_wconf 82' lang='lat' dir='ltr'>omnes</span> 
     </span>
     <span class='ocr_line' id='line_1_12' title="bbox 265 2006 1855 2116; baseline -0.005 -23"><span class='ocrx_word' id='word_1_80' title='bbox 265 2018 578 2116; x_wconf 85' lang='lat' dir='ltr'>multiplicatores</span> <span class='ocrx_word' id='word_1_81' title='bbox 614 2028 808 2107; x_wconf 87' lang='lat' dir='ltr'>constent,</span> <span class='ocrx_word' id='word_1_82' title='bbox 851 2013 986 2108; x_wconf 89' lang='lat' dir='ltr'>quibus</span> <span class='ocrx_word' id='word_1_83' title='bbox 1019 2032 1179 2108; x_wconf 86' lang='lat' dir='ltr'>utraque</span> <span class='ocrx_word' id='word_1_84' title='bbox 1214 2033 1305 2108; x_wconf 91' lang='lat' dir='ltr'>pars</span> <span class='ocrx_word' id='word_1_85' title='bbox 1338 2009 1497 2086; x_wconf 84' lang='lat' dir='ltr'>seorsim</span> <span class='ocrx_word' id='word_1_86' title='bbox 1531 2006 1855 2114; x_wconf 60' lang='lat' dir='ltr'>Por-l-Qby</span> 
     </span>
    </p>
   </div>
   <div class='ocr_carea' id='block_1_5' title="bbox 137 2134 1852 2239">
    <p class='ocr_par' dir='ltr' id='par_1_5' title="bbox 137 2134 1852 2239">
     <span class='ocr_line' id='line_1_13' title="bbox 137 2134 1852 2239; baseline 0.01 -37"><span class='ocrx_word' id='word_1_87' title='bbox 137 2178 142 2188; x_wconf 91' lang='lat'>.</span> <span class='ocrx_word' id='word_1_88' title='bbox 265 2157 306 2220; x_wconf 68' lang='lat' dir='ltr'>et</span> <span class='ocrx_word' id='word_1_89' title='bbox 346 2134 656 2237; x_wconf 54' lang='grc' dir='ltr'>ΒῇΗ-,ὃὸῃ</span> <span class='ocrx_word' id='word_1_90' title='bbox 706 2141 888 2213; x_wconf 81' lang='lat' dir='ltr'>reddatur</span> <span class='ocrx_word' id='word_1_91' title='bbox 928 2137 1200 2239; x_wconf 83' lang='lat' dir='ltr'>&#39;integrabilis,</span> <span class='ocrx_word' id='word_1_92' title='bbox 1251 2135 1338 2210; x_wconf 84' lang='lat' dir='ltr'>inde</span> <span class='ocrx_word' id='word_1_93' title='bbox 1389 2136 1578 2212; x_wconf 83' lang='lat' dir='ltr'>interdum</span> <span class='ocrx_word' id='word_1_94' title='bbox 1628 2144 1852 2218; x_wconf 80' lang='lat' dir='ltr'>communis</span> 
     </span>
    </p>
   </div>
   <div class='ocr_carea' id='block_1_6' title="bbox 153 2253 1855 4009">
    <p class='ocr_par' dir='ltr' id='par_1_6' title="bbox 153 2253 1855 4009">
     <span class='ocr_line' id='line_1_14' title="bbox 263 2253 1855 2372; baseline -0.001 -26"><span class='ocrx_word' id='word_1_95' title='bbox 263 2253 538 2368; x_wconf 87' lang='lat' dir='ltr'>multiplicator</span> <span class='ocrx_word' id='word_1_96' title='bbox 586 2285 785 2363; x_wconf 84' lang='lat' dir='ltr'>utramque</span> <span class='ocrx_word' id='word_1_97' title='bbox 832 2266 1097 2372; x_wconf 84' lang='lat' dir='ltr'>integrabilem</span> <span class='ocrx_word' id='word_1_98' title='bbox 1146 2265 1312 2339; x_wconf 80' lang='lat' dir='ltr'>reddens</span> <span class='ocrx_word' id='word_1_99' title='bbox 1362 2264 1539 2340; x_wconf 77' lang='lat' dir='ltr'>conclursr</span> <span class='ocrx_word' id='word_1_100' title='bbox 1579 2281 1723 2365; x_wconf 91' lang='lat' dir='ltr'>potest.</span> <span class='ocrx_word' id='word_1_101' title='bbox 1795 2270 1855 2345; x_wconf 82' lang='lat' dir='ltr'>Sir</span> 
     </span>
     <span class='ocr_line' id='line_1_15' title="bbox 264 2379 1853 2496; baseline -0.001 -24"><span class='ocrx_word' id='word_1_102' title='bbox 264 2379 365 2473; x_wconf 89' lang='lat' dir='ltr'>enim</span> <span class='ocrx_word' id='word_1_103' title='bbox 395 2397 431 2469; x_wconf 84' lang='lat' dir='ltr'>L</span> <span class='ocrx_word' id='word_1_104' title='bbox 451 2385 493 2496; x_wconf 81' lang='grc' dir='ltr'>Φ</span> <span class='ocrx_word' id='word_1_105' title='bbox 511 2395 569 2470; x_wconf 88' lang='lat' dir='ltr'>:Z</span> <span class='ocrx_word' id='word_1_106' title='bbox 603 2392 798 2491; x_wconf 80' lang='lat' dir='ltr'>expressio</span> <span class='ocrx_word' id='word_1_107' title='bbox 834 2392 1024 2490; x_wconf 84' lang='lat' dir='ltr'>generalis</span> <span class='ocrx_word' id='word_1_108' title='bbox 1059 2416 1131 2490; x_wconf 88' lang='lat' dir='ltr'>pro</span> <span class='ocrx_word' id='word_1_109' title='bbox 1167 2390 1341 2466; x_wconf 86' lang='lat' dir='ltr'>omnibus</span> <span class='ocrx_word' id='word_1_110' title='bbox 1374 2391 1731 2490; x_wconf 85' lang='lat' dir='ltr'>multiplicatoribus</span> <span class='ocrx_word' id='word_1_111' title='bbox 1765 2395 1853 2472; x_wconf 85' lang='lat' dir='ltr'>for·</span> 
     </span>
     <span class='ocr_line' id='line_1_16' title="bbox 263 2507 1855 2620; baseline 0.002 -24"><span class='ocrx_word' id='word_1_112' title='bbox 263 2521 389 2597; x_wconf 88' lang='lat' dir='ltr'>mulae</span> <span class='ocrx_word' id='word_1_113' title='bbox 424 2520 729 2616; x_wconf 61' lang='lat' dir='ltr'>Pax-l-Qby</span> <span class='ocrx_word' id='word_1_114' title='bbox 762 2533 800 2594; x_wconf 91' lang='lat' dir='ltr'>et</span> <span class='ocrx_word' id='word_1_115' title='bbox 836 2507 1018 2618; x_wconf 70' lang='lat' dir='ltr'>M(Dzl&#39;</span> <span class='ocrx_word' id='word_1_116' title='bbox 1066 2516 1263 2620; x_wconf 72' lang='lat' dir='ltr'>erpressio</span> <span class='ocrx_word' id='word_1_117' title='bbox 1315 2519 1503 2618; x_wconf 84' lang='lat' dir='ltr'>generalis</span> <span class='ocrx_word' id='word_1_118' title='bbox 1553 2546 1623 2620; x_wconf 90' lang='lat' dir='ltr'>pro</span> <span class='ocrx_word' id='word_1_119' title='bbox 1668 2522 1855 2600; x_wconf 86' lang='lat' dir='ltr'>omnibus</span> 
     </span>
     <span class='ocr_line' id='line_1_17' title="bbox 266 2630 1855 2748; baseline 0.001 -25"><span class='ocrx_word' id='word_1_120' title='bbox 266 2647 622 2746; x_wconf 85' lang='lat' dir='ltr'>multiplicatoribus</span> <span class='ocrx_word' id='word_1_121' title='bbox 640 2647 825 2721; x_wconf 81' lang='lat' dir='ltr'>formulae</span> <span class='ocrx_word' id='word_1_122' title='bbox 846 2646 958 2735; x_wconf 72' lang='lat' dir='ltr'><em>be</em></span> <span class='ocrx_word' id='word_1_123' title='bbox 977 2673 1020 2721; x_wconf 66' lang='lat'>4·</span> <span class='ocrx_word' id='word_1_124' title='bbox 1040 2638 1148 2741; x_wconf 65' lang='lat' dir='ltr'>shy,</span> <span class='ocrx_word' id='word_1_125' title='bbox 1182 2645 1417 2740; x_wconf 83' lang='lat' dir='ltr'>etqnoniam</span> <span class='ocrx_word' id='word_1_126' title='bbox 1451 2630 1728 2748; x_wconf 68' lang='lat' dir='ltr'>(lizZethzv</span> <span class='ocrx_word' id='word_1_127' title='bbox 1763 2650 1855 2725; x_wconf 89' lang='lat' dir='ltr'>fun-</span> 
     </span>
     <span class='ocr_line' id='line_1_18' title="bbox 267 2771 1855 2874; baseline 0.002 -25"><span class='ocrx_word' id='word_1_128' title='bbox 267 2774 412 2850; x_wconf 86' lang='lat' dir='ltr'>ctiones</span> <span class='ocrx_word' id='word_1_129' title='bbox 443 2795 692 2871; x_wconf 86' lang='lat' dir='ltr'>quascunque</span> <span class='ocrx_word' id='word_1_130' title='bbox 725 2773 979 2870; x_wconf 76' lang='lat' dir='ltr'>quantitatum</span> <span class='ocrx_word' id='word_1_131' title='bbox 1016 2774 1046 2845; x_wconf 91' lang='lat' dir='ltr'>Z</span> <span class='ocrx_word' id='word_1_132' title='bbox 1080 2785 1120 2847; x_wconf 89' lang='lat' dir='ltr'>et</span> <span class='ocrx_word' id='word_1_133' title='bbox 1152 2771 1184 2842; x_wconf 81' lang='lat' dir='ltr'><strong>V</strong></span> <span class='ocrx_word' id='word_1_134' title='bbox 1218 2771 1415 2864; x_wconf 81' lang='lat' dir='ltr'>denotant,</span> <span class='ocrx_word' id='word_1_135' title='bbox 1448 2772 1479 2848; x_wconf 88' lang='lat' dir='ltr'>si</span> <span class='ocrx_word' id='word_1_136' title='bbox 1513 2797 1579 2849; x_wconf 92' lang='lat' dir='ltr'>eas</span> <span class='ocrx_word' id='word_1_137' title='bbox 1612 2773 1662 2846; x_wconf 91' lang='lat' dir='ltr'>ita</span> <span class='ocrx_word' id='word_1_138' title='bbox 1697 2799 1855 2874; x_wconf 87' lang='lat' dir='ltr'>capere</span> 
     </span>
     <span class='ocr_line' id='line_1_19' title="bbox 265 2874 1852 3001; baseline 0.003 -26"><span class='ocrx_word' id='word_1_139' title='bbox 265 2899 388 2991; x_wconf 89' lang='lat' dir='ltr'>liceat,</span> <span class='ocrx_word' id='word_1_140' title='bbox 421 2914 461 2975; x_wconf 92' lang='lat' dir='ltr'>ut</span> <span class='ocrx_word' id='word_1_141' title='bbox 481 2905 545 2974; x_wconf 86' lang='lat' dir='ltr'>fiat</span> <span class='ocrx_word' id='word_1_142' title='bbox 573 2903 604 2972; x_wconf 91' lang='lat' dir='ltr'>L</span> <span class='ocrx_word' id='word_1_143' title='bbox 622 2887 664 3000; x_wconf 81' lang='grc' dir='ltr'>Φ</span> <span class='ocrx_word' id='word_1_144' title='bbox 681 2927 689 2974; x_wconf 91' lang='lat'>:</span> <span class='ocrx_word' id='word_1_145' title='bbox 707 2902 735 2973; x_wconf 94' lang='lat' dir='ltr'>Z</span> <span class='ocrx_word' id='word_1_146' title='bbox 758 2920 818 2975; x_wconf 90' lang='grc'><strong><em>.·.··.</em></strong></span> <span class='ocrx_word' id='word_1_147' title='bbox 834 2898 877 2971; x_wconf 85' lang='grc' dir='ltr'><strong>Μ</strong></span> <span class='ocrx_word' id='word_1_148' title='bbox 896 2884 939 2997; x_wconf 81' lang='grc' dir='ltr'>Φ</span> <span class='ocrx_word' id='word_1_149' title='bbox 957 2926 965 2972; x_wconf 92' lang='lat'>:</span> <span class='ocrx_word' id='word_1_150' title='bbox 985 2899 1016 2972; x_wconf 85' lang='lat' dir='ltr'><strong>V</strong></span> <span class='ocrx_word' id='word_1_151' title='bbox 1050 2874 1250 2973; x_wconf 79' lang='lat' dir='ltr'>habebitur</span> <span class='ocrx_word' id='word_1_152' title='bbox 1283 2898 1556 2997; x_wconf 82' lang='lat' dir='ltr'>multiplicator</span> <span class='ocrx_word' id='word_1_153' title='bbox 1589 2899 1752 2978; x_wconf 90' lang='lat' dir='ltr'>idoneus</span> <span class='ocrx_word' id='word_1_154' title='bbox 1770 2928 1852 3001; x_wconf 92' lang='lat' dir='ltr'>pro</span> 
     </span>
     <span class='ocr_line' id='line_1_20' title="bbox 265 3022 1852 3124; baseline 0.001 -22"><span class='ocrx_word' id='word_1_155' title='bbox 265 3028 493 3122; x_wconf 80' lang='lat' dir='ltr'>aequatione</span> <span class='ocrx_word' id='word_1_156' title='bbox 528 3022 1235 3121; x_wconf 23' lang='lat' dir='ltr'>Prax÷Q3y÷eroe÷Sbfi02</span> <span class='ocrx_word' id='word_1_157' title='bbox 1286 3024 1510 3124; x_wconf 84' lang='lat' dir='ltr'>intelligitur</span> <span class='ocrx_word' id='word_1_158' title='bbox 1533 3040 1669 3100; x_wconf 54' lang='lat' dir='ltr'>‘autem</span> <span class='ocrx_word' id='word_1_159' title='bbox 1697 3030 1782 3103; x_wconf 82' lang='lat' dir='ltr'>boc</span> <span class='ocrx_word' id='word_1_160' title='bbox 1803 3029 1852 3106; x_wconf 86' lang='lat' dir='ltr'>iis</span> 
     </span>
     <span class='ocr_line' id='line_1_21' title="bbox 268 3151 1855 3265; baseline 0.001 -36"><span class='ocrx_word' id='word_1_161' title='bbox 268 3168 415 3229; x_wconf 75' lang='lat' dir='ltr'>natum</span> <span class='ocrx_word' id='word_1_162' title='bbox 450 3153 600 3233; x_wconf 77' lang='lat' dir='ltr'>casibus</span> <span class='ocrx_word' id='word_1_163' title='bbox 629 3153 825 3249; x_wconf 82' lang='lat' dir='ltr'>praestari</span> <span class='ocrx_word' id='word_1_164' title='bbox 861 3178 988 3265; x_wconf 79' lang='lat' dir='ltr'>ppsse,</span> <span class='ocrx_word' id='word_1_165' title='bbox 1023 3153 1157 3250; x_wconf 89' lang='lat' dir='ltr'>quibus</span> <span class='ocrx_word' id='word_1_166' title='bbox 1191 3151 1461 3248; x_wconf 88' lang='lat' dir='ltr'>multiplicator</span> <span class='ocrx_word' id='word_1_167' title='bbox 1494 3167 1665 3251; x_wconf 89' lang='lat' dir='ltr'>protota</span> <span class='ocrx_word' id='word_1_168' title='bbox 1697 3178 1855 3252; x_wconf 81' lang='lat' dir='ltr'>aequa·</span> 
     </span>
     <span class='ocr_line' id='line_1_22' title="bbox 264 3275 1853 3380; baseline 0.004 -30"><span class='ocrx_word' id='word_1_169' title='bbox 264 3275 381 3368; x_wconf 90' lang='lat' dir='ltr'>tione,</span> <span class='ocrx_word' id='word_1_170' title='bbox 415 3278 528 3352; x_wconf 88' lang='lat' dir='ltr'>etiam</span> <span class='ocrx_word' id='word_1_171' title='bbox 563 3281 729 3377; x_wconf 86' lang='lat' dir='ltr'>singulas</span> <span class='ocrx_word' id='word_1_172' title='bbox 763 3282 843 3380; x_wconf 88' lang='lat' dir='ltr'>ejus</span> <span class='ocrx_word' id='word_1_173' title='bbox 871 3295 1008 3376; x_wconf 71' lang='lat' dir='ltr'>,partes</span> <span class='ocrx_word' id='word_1_174' title='bbox 1039 3277 1204 3355; x_wconf 83' lang='lat' dir='ltr'>seorsim</span> <span class='ocrx_word' id='word_1_175' title='bbox 1226 3292 1379 3352; x_wconf 78' lang='lat' dir='ltr'>auratas</span> <span class='ocrx_word' id='word_1_176' title='bbox 1413 3280 1656 3377; x_wconf 75' lang='lat' dir='ltr'>integrabiles</span> <span class='ocrx_word' id='word_1_177' title='bbox 1689 3283 1853 3360; x_wconf 81' lang='lat' dir='ltr'>reddat.</span> 
     </span>
     <span class='ocr_line' id='line_1_23' title="bbox 264 3400 1852 3503; baseline 0.006 -28"><span class='ocrx_word' id='word_1_178' title='bbox 264 3400 397 3496; x_wconf 86' lang='lat' dir='ltr'>Quare</span> <span class='ocrx_word' id='word_1_179' title='bbox 431 3405 644 3479; x_wconf 88' lang='lat' dir='ltr'>cavendum</span> <span class='ocrx_word' id='word_1_180' title='bbox 678 3420 746 3496; x_wconf 87' lang='lat' dir='ltr'>est,</span> <span class='ocrx_word' id='word_1_181' title='bbox 780 3430 828 3479; x_wconf 90' lang='lat' dir='ltr'>ne</span> <span class='ocrx_word' id='word_1_182' title='bbox 864 3406 948 3481; x_wconf 89' lang='lat' dir='ltr'>huic</span> <span class='ocrx_word' id='word_1_183' title='bbox 982 3405 1161 3481; x_wconf 89' lang='lat' dir='ltr'>methodo</span> <span class='ocrx_word' id='word_1_184' title='bbox 1195 3402 1349 3476; x_wconf 88' lang='lat' dir='ltr'>nimium</span> <span class='ocrx_word' id='word_1_185' title='bbox 1381 3407 1580 3499; x_wconf 86' lang='lat' dir='ltr'>tribuatur,</span> <span class='ocrx_word' id='word_1_186' title='bbox 1613 3424 1653 3480; x_wconf 88' lang='lat' dir='ltr'>et</span> <span class='ocrx_word' id='word_1_187' title='bbox 1685 3409 1852 3503; x_wconf 91' lang='lat' dir='ltr'>quando</span> 
     </span>
     <span class='ocr_line' id='line_1_24' title="bbox 263 3530 1855 3629; baseline 0.003 -23"><span class='ocrx_word' id='word_1_188' title='bbox 263 3552 311 3606; x_wconf 84' lang='lat' dir='ltr'>ea</span> <span class='ocrx_word' id='word_1_189' title='bbox 346 3554 423 3606; x_wconf 94' lang='lat' dir='ltr'>non</span> <span class='ocrx_word' id='word_1_190' title='bbox 456 3531 653 3623; x_wconf 89' lang='lat' dir='ltr'>succedit,</span> <span class='ocrx_word' id='word_1_191' title='bbox 702 3532 878 3628; x_wconf 89' lang='lat' dir='ltr'>aequatio</span> <span class='ocrx_word' id='word_1_192' title='bbox 911 3557 984 3629; x_wconf 90' lang='lat' dir='ltr'>pro</span> <span class='ocrx_word' id='word_1_193' title='bbox 1026 3530 1251 3606; x_wconf 85' lang='lat' dir='ltr'>irresolubili</span> <span class='ocrx_word' id='word_1_194' title='bbox 1283 3533 1495 3622; x_wconf 87' lang='lat' dir='ltr'>habeatur,</span> <span class='ocrx_word' id='word_1_195' title='bbox 1547 3533 1697 3606; x_wconf 85' lang='lat' dir='ltr'>evenire</span> <span class='ocrx_word' id='word_1_196' title='bbox 1742 3533 1855 3611; x_wconf 85' lang='lat' dir='ltr'>enim</span> 
     </span>
     <span class='ocr_line' id='line_1_25' title="bbox 265 3655 1852 3758; baseline 0.004 -30"><span class='ocrx_word' id='word_1_197' title='bbox 265 3655 393 3753; x_wconf 90' lang='lat' dir='ltr'>utique</span> <span class='ocrx_word' id='word_1_198' title='bbox 425 3671 576 3758; x_wconf 88' lang='lat' dir='ltr'>potest,</span> <span class='ocrx_word' id='word_1_199' title='bbox 625 3674 665 3732; x_wconf 94' lang='lat' dir='ltr'>ut</span> <span class='ocrx_word' id='word_1_200' title='bbox 698 3673 779 3733; x_wconf 88' lang='lat' dir='ltr'>tota</span> <span class='ocrx_word' id='word_1_201' title='bbox 814 3659 989 3754; x_wconf 88' lang='lat' dir='ltr'>aequatio</span> <span class='ocrx_word' id='word_1_202' title='bbox 1024 3660 1164 3732; x_wconf 87' lang='lat' dir='ltr'>habeat</span> <span class='ocrx_word' id='word_1_203' title='bbox 1197 3656 1541 3754; x_wconf 86' lang='lat' dir='ltr'>multiplicatorem,</span> <span class='ocrx_word' id='word_1_204' title='bbox 1589 3659 1649 3756; x_wconf 91' lang='lat' dir='ltr'>qui</span> <span class='ocrx_word' id='word_1_205' title='bbox 1684 3658 1852 3758; x_wconf 82' lang='lat' dir='ltr'>singulis</span> 
     </span>
     <span class='ocr_line' id='line_1_26' title="bbox 153 3760 1854 3883; baseline 0.001 -27"><span class='ocrx_word' id='word_1_206' title='bbox 153 3760 163 3789; x_wconf 67' lang='lat'><strong><em>⁹</em></strong></span> <span class='ocrx_word' id='word_1_207' title='bbox 255 3780 345 3879; x_wconf 71' lang='lat' dir='ltr'>ejus</span> <span class='ocrx_word' id='word_1_208' title='bbox 394 3785 570 3883; x_wconf 87' lang='lat' dir='ltr'>partibus</span> <span class='ocrx_word' id='word_1_209' title='bbox 621 3802 696 3859; x_wconf 82' lang='lat' dir='ltr'>non</span> <span class='ocrx_word' id='word_1_210' title='bbox 745 3785 960 3858; x_wconf 86' lang='lat' dir='ltr'>conveniat.</span> <span class='ocrx_word' id='word_1_211' title='bbox 1026 3786 1084 3858; x_wconf 85' lang='lat' dir='ltr'>Ita</span> <span class='ocrx_word' id='word_1_212' title='bbox 1120 3781 1333 3880; x_wconf 86' lang='lat' dir='ltr'>proposita</span> <span class='ocrx_word' id='word_1_213' title='bbox 1383 3785 1609 3880; x_wconf 84' lang='lat' dir='ltr'>aequatione</span> <span class='ocrx_word' id='word_1_214' title='bbox 1652 3777 1854 3880; x_wconf 65' lang='lat' dir='ltr'>‘Por-{-</span> 
     </span>
     <span class='ocr_line' id='line_1_27' title="bbox 267 3901 1851 4009; baseline 0.001 -22"><span class='ocrx_word' id='word_1_215' title='bbox 267 3901 516 4004; x_wconf 68' lang='lat' dir='ltr'>Qoyzo,</span> <span class='ocrx_word' id='word_1_216' title='bbox 549 3911 820 4009; x_wconf 87' lang='lat' dir='ltr'>multiplicator</span> <span class='ocrx_word' id='word_1_217' title='bbox 853 3925 1003 4008; x_wconf 88' lang='lat' dir='ltr'>partem</span> <span class='ocrx_word' id='word_1_218' title='bbox 1040 3905 1150 3992; x_wconf 68' lang='lat' dir='ltr'>rsa·</span> <span class='ocrx_word' id='word_1_219' title='bbox 1184 3909 1344 3983; x_wconf 85' lang='lat' dir='ltr'>seorsim</span> <span class='ocrx_word' id='word_1_220' title='bbox 1379 3909 1640 4009; x_wconf 88' lang='lat' dir='ltr'>integrabilem</span> <span class='ocrx_word' id='word_1_221' title='bbox 1672 3912 1851 3989; x_wconf 80' lang='lat' dir='ltr'>reddens</span> 
     </span>
    </p>
   </div>
   <div class='ocr_carea' id='block_1_7' title="bbox 257 4028 1926 4170">
    <p class='ocr_par' dir='ltr' id='par_1_7' title="bbox 257 4028 1926 4170">
     <span class='ocr_line' id='line_1_28' title="bbox 257 4028 1926 4170; baseline 0.002 -43"><span class='ocrx_word' id='word_1_222' title='bbox 257 4054 467 4130; x_wconf 75' lang='lat' dir='ltr'>manifesto</span> <span class='ocrx_word' id='word_1_223' title='bbox 515 4071 577 4134; x_wconf 89' lang='lat' dir='ltr'>est</span> <span class='ocrx_word' id='word_1_224' title='bbox 619 4028 663 4170; x_wconf 57' lang='grc' dir='ltr'>ξ,</span> <span class='ocrx_word' id='word_1_225' title='bbox 697 4057 904 4130; x_wconf 87' lang='lat' dir='ltr'>tlenotantc</span> <span class='ocrx_word' id='word_1_226' title='bbox 933 4055 976 4128; x_wconf 68' lang='lat' dir='ltr'>&#39;X</span> <span class='ocrx_word' id='word_1_227' title='bbox 1007 4055 1242 4131; x_wconf 81' lang='lat' dir='ltr'>functionem</span> <span class='ocrx_word' id='word_1_228' title='bbox 1276 4076 1539 4150; x_wconf 85' lang='lat' dir='ltr'>quamcunque</span> <span class='ocrx_word' id='word_1_229' title='bbox 1573 4052 1689 4152; x_wconf 87' lang='lat' dir='ltr'>ipsius</span> <span class='ocrx_word' id='word_1_230' title='bbox 1722 4077 1767 4147; x_wconf 79' lang='lat' dir='ltr'>x,</span> <span class='ocrx_word' id='word_1_231' title='bbox 1805 4067 1851 4130; x_wconf 88' lang='lat' dir='ltr'>et</span> <span class='ocrx_word' id='word_1_232' title='bbox 1908 4043 1926 4054; x_wconf 55' lang='lat'><strong>⁴</strong></span> 
     </span>
    </p>
   </div>
   <div class='ocr_carea' id='block_1_8' title="bbox 267 4186 1851 4624">
    <p class='ocr_par' dir='ltr' id='par_1_8' title="bbox 267 4186 1851 4624">
     <span class='ocr_line' id='line_1_29' title="bbox 267 4186 1851 4347; baseline 0.006 -60"><span class='ocrx_word' id='word_1_233' title='bbox 267 4212 539 4314; x_wconf 80' lang='lat' dir='ltr'>multiplicator</span> <span class='ocrx_word' id='word_1_234' title='bbox 574 4232 735 4318; x_wconf 71' lang='lat' dir='ltr'>,partem</span> <span class='ocrx_word' id='word_1_235' title='bbox 781 4218 942 4306; x_wconf 84' lang='lat' dir='ltr'>alteram</span> <span class='ocrx_word' id='word_1_236' title='bbox 992 4218 1103 4315; x_wconf 59' lang='grc' dir='ltr'>Ωδμ</span> <span class='ocrx_word' id='word_1_237' title='bbox 1151 4215 1415 4315; x_wconf 83' lang='lat' dir='ltr'>integrabilem</span> <span class='ocrx_word' id='word_1_238' title='bbox 1465 4215 1628 4299; x_wconf 79' lang='lat' dir='ltr'>reddens</span> <span class='ocrx_word' id='word_1_239' title='bbox 1676 4226 1738 4289; x_wconf 71' lang='lat' dir='ltr'>est</span> <span class='ocrx_word' id='word_1_240' title='bbox 1784 4186 1851 4347; x_wconf 59' lang='lat' dir='ltr'>{f</span> 
     </span>
     <span class='ocr_line' id='line_1_30' title="bbox 268 4348 1847 4509; baseline -0.004 -48"><span class='ocrx_word' id='word_1_241' title='bbox 268 4375 432 4461; x_wconf 65' lang='lat' dir='ltr'>eanmu-</span> <span class='ocrx_word' id='word_1_242' title='bbox 466 4393 592 4457; x_wconf 86' lang='lat' dir='ltr'>autem</span> <span class='ocrx_word' id='word_1_243' title='bbox 623 4381 842 4477; x_wconf 85' lang='lat' dir='ltr'>neutiquam</span> <span class='ocrx_word' id='word_1_244' title='bbox 882 4381 972 4458; x_wconf 75' lang='lat' dir='ltr'>¹fieri</span> <span class='ocrx_word' id='word_1_245' title='bbox 1007 4379 1156 4480; x_wconf 83' lang='lat' dir='ltr'>possit„</span> <span class='ocrx_word' id='word_1_246' title='bbox 1195 4390 1236 4451; x_wconf 86' lang='lat' dir='ltr'>ut</span> <span class='ocrx_word' id='word_1_247' title='bbox 1261 4377 1318 4451; x_wconf 80' lang='lat' dir='ltr'>nit</span> <span class='ocrx_word' id='word_1_248' title='bbox 1355 4348 1526 4508; x_wconf 58' lang='lat'>{23}</span> <span class='ocrx_word' id='word_1_249' title='bbox 1548 4403 1615 4454; x_wconf 89' lang='lat' dir='ltr'>seu</span> <span class='ocrx_word' id='word_1_250' title='bbox 1645 4351 1847 4509; x_wconf 46' lang='lat' dir='ltr'>{jz-¹55,</span> 
     </span>
     <span class='ocr_line' id='line_1_31' title="bbox 267 4517 1848 4624; baseline 0.001 -25"><span class='ocrx_word' id='word_1_251' title='bbox 267 4521 340 4599; x_wconf 76' lang='lat' dir='ltr'>siai</span> <span class='ocrx_word' id='word_1_252' title='bbox 372 4524 522 4602; x_wconf 83' lang='lat' dir='ltr'>casibus</span> <span class='ocrx_word' id='word_1_253' title='bbox 555 4549 626 4624; x_wconf 82' lang='lat' dir='ltr'>per</span> <span class='ocrx_word' id='word_1_254' title='bbox 660 4545 702 4598; x_wconf 89' lang='lat' dir='ltr'>ae</span> <span class='ocrx_word' id='word_1_255' title='bbox 736 4525 878 4615; x_wconf 85' lang='lat' dir='ltr'>obviis,</span> <span class='ocrx_word' id='word_1_256' title='bbox 902 4537 1040 4597; x_wconf 84' lang='lat' dir='ltr'>tamen</span> <span class='ocrx_word' id='word_1_257' title='bbox 1065 4535 1158 4603; x_wconf 69' lang='lat' dir='ltr'>‚tota</span> <span class='ocrx_word' id='word_1_258' title='bbox 1191 4522 1355 4597; x_wconf 79' lang='lat' dir='ltr'>formula</span> <span class='ocrx_word' id='word_1_259' title='bbox 1390 4517 1492 4604; x_wconf 68' lang='lat' dir='ltr'>Pha</span> <span class='ocrx_word' id='word_1_260' title='bbox 1514 4544 1570 4612; x_wconf 65' lang='grc'>-1-</span> <span class='ocrx_word' id='word_1_261' title='bbox 1589 4522 1698 4623; x_wconf 65' lang='lat' dir='ltr'>Qby</span> <span class='ocrx_word' id='word_1_262' title='bbox 1731 4541 1848 4612; x_wconf 72' lang='lat' dir='ltr'>certo</span> 
     </span>
    </p>
   </div>
   <div class='ocr_carea' id='block_1_9' title="bbox 267 4644 1636 4752">
    <p class='ocr_par' dir='ltr' id='par_1_9' title="bbox 267 4644 1636 4752">
     <span class='ocr_line' id='line_1_32' title="bbox 267 4644 1636 4752; baseline 0.001 -28"><span class='ocrx_word' id='word_1_263' title='bbox 267 4660 422 4752; x_wconf 74' lang='lat' dir='ltr'>semper</span> <span class='ocrx_word' id='word_1_264' title='bbox 453 4654 571 4744; x_wconf 74' lang='lat' dir='ltr'>babet</span> <span class='ocrx_word' id='word_1_265' title='bbox 601 4647 947 4751; x_wconf 77' lang='lat' dir='ltr'>multiplIcatorem,</span> <span class='ocrx_word' id='word_1_266' title='bbox 966 4672 1057 4747; x_wconf 68' lang='lat' dir='ltr'>»quo</span> <span class='ocrx_word' id='word_1_267' title='bbox 1091 4669 1139 4722; x_wconf 78' lang='lat' dir='ltr'>ea</span> <span class='ocrx_word' id='word_1_268' title='bbox 1172 4644 1409 4750; x_wconf 76' lang='lat' dir='ltr'>integrabilis</span> <span class='ocrx_word' id='word_1_269' title='bbox 1433 4652 1636 4735; x_wconf 70' lang='lat' dir='ltr'>reddatur.</span> 
     </span>
    </p>
   </div>
   <div class='ocr_carea' id='block_1_10' title="bbox 0 0 2132 5716">
    <p class='ocr_par' dir='ltr' id='par_1_10' title="bbox 0 0 2132 5716">
     <span class='ocr_line' id='line_1_33' title="bbox 0 0 2132 5716; baseline 0 0"><span class='ocrx_word' id='word_1_270' title='bbox 0 0 2132 5716; x_wconf 95' lang='lat' dir='ltr'> </span> 
     </span>
    </p>
   </div>
  </div>
 </body>
</html>
