4254 5716
770 330 1002 441 creor
1042 324 1167 433 'aa'
1580 364 1676 467 ,aurp

169 544 262 625 'toric
296 542 425 647 pnite
455 547 760 648 uzei-trel
791 557 1025 645 uzu-l,
1059 548 1191 653 prodit
1218 538 1453 661 ‘caps-ut,
1503 558 1612 659 qnod
1653 557 1737 669 ὴὲ

169 670 282 749 itum
313 671 353 749 iu
384 694 504 751 eausa
534 688 616 785 est,
643 670 704 753 ¹'ut
744 674 948 775 integralis
987 678 1185 781 resignata
1209 680 1353 757 locon
1386 685 1567 763 teneam.
1631 684 1739 793 Quq·

169 816 337 895 ire-aia
370 842 513 919 genere
545 820 739 899 alfirmare
772 825 883 918 licet,
914 820 958 902 si
981 809 1094 903 suerit
1122 818 1257 923 dy:
1265 790 1368 963 233,
1392 831 1737 933 denominatum

169 963 190 1059 ξ
229 964 417 1040 faetorem
452 969 590 1043 habeat
623 952 837 1065 (o-t-ae)⁸,
871 973 978 1072 eujus
1010 994 1208 1072 exponens
1240 976 1269 1053 λ
1305 972 1449 1049 unitate
1479 996 1559 1051 non
1591 973 1641 1051 rit
1665 974 1735 1053 mi·

169 1112 252 1182 nr,
286 1112 440 1191 semper
472 1095 737 1190 aequationem
774 1098 1015 1190 o-l-xzo
1051 1100 1133 1193 tore
1167 1097 1356 1196 integrale
1389 1098 1636 1197 particulare.
1670 1101 1744 1183 Sin

171 1230 286 1291 ntem
321 1221 348 1294 λ
382 1218 430 1292 sit
463 1221 606 1294 unitate
638 1220 763 1295 minor
793 1222 866 1297 etsi
899 1224 1104 1318 positivus,
1139 1246 1218 1297 non
1250 1227 1325 1300 erit
1357 1228 1601 1311 o-i-xztl
1636 1224 1732 1303 intc-

173 1342 265 1416 rale
312 1344 564 1441 particulare,
615 1344 763 1423 etiamsi
813 1349 942 1449 posito
991 1372 1203 1431 xz-u
1242 1349 1460 1453 aequationi
1492 1348 1733 1429 differentitii

167 1467 379 1555 adsfaciat

744 1701 1030 1781 Scholion
1097 1713 1138 1783 2.

287 1960 390 2036 iod.
459 1960 613 2063 Insigne
647 1962 720 2038 hoc
755 1978 813 2039 est
851 1964 1076 2062 paradoxon
1112 1988 1134 2038 a
1168 1963 1319 2041 nemine
1353 1964 1495 2059 adhue,
1546 1978 1729 2063 quantun

169 2086 243 2165 uiti
277 2086 428 2182 quidem
464 2105 639 2179 constat,
673 2091 939 2183 observatum,
971 2091 1075 2186 quod
1108 2092 1324 2190 aequationi
1360 2091 1602 2167 ditl'erentiali
1627 2095 1736 2186 ejus·¹

169 2213 256 2289 nodi
291 2213 399 2287 valor
433 2213 656 2291 satisfacere
690 2230 822 2311 queat,
864 2214 926 2312 qui
962 2229 1088 2290 tamen
1123 2221 1204 2319 ejus
1238 2242 1313 2293 non
1348 2217 1396 2296 ait
1429 2218 1637 2317 integrale3
1667 2231 1728 2297 at·

169 2364 224 2437 ue
258 2340 357 2413 adeo
391 2339 453 2415 rix
485 2353 608 2438 patet,
641 2342 835 2436 quomodo
868 2343 965 2415 haec
998 2366 1084 2417 eum
1116 2345 1229 2419 solita
1261 2342 1502 2445 integralium
1528 2342 1614 2419 idea
1632 2366 1726 2423 con·

170 2463 269 2541 iliari
302 2464 462 2564 possint.
529 2466 689 2557 Quoties
723 2466 823 2541 enim
856 2464 1056 2565 proposita
1089 2467 1316 2566 aequatione
1349 2467 1591 2545 differentinli
1621 2470 1724 2569 ejur-

169 2589 254 2665 uodi
286 2589 509 2665 relationem
543 2591 780 2667 rariabiiium
816 2592 993 2671 exhibere
1028 2590 1136 2688 licet,
1168 2618 1266 2691 quae
1299 2595 1351 2671 rbi
1383 2594 1584 2669 substituta
1608 2593 1722 2673 satit·

169 2716 283 2807 aciat,
315 2738 381 2791 seu
416 2716 680 2812 aequationem
714 2719 915 2795 identieam
950 2719 1160 2817 producat,
1194 2719 1257 2797 vix
1287 2720 1464 2819 cuiquam
1497 2717 1722 2803 inurentem

171 2840 250 2917 enit
281 2842 476 2933 dubitare,
512 2867 560 2916 an
594 2842 657 2918 illa
688 2843 823 2919 relatio
856 2868 930 2943 pro
956 2843 1138 2945 integrali
1172 2846 1306 2921 saltem
1341 2843 1560 2946 particulari
1583 2844 1633 2921 ait
1652 2846 1720 2923 ha·

169 2967 291 3061 enda,
325 2992 411 3044 cum
447 2989 576 3042 tamen
611 2969 697 3044 hinc
729 2969 900 3069 proclive
933 2969 983 3049 sit
1015 2968 1053 3044 in
1077 2994 1247 3047 errorem
1271 2972 1411 3049 delabi.
1443 2970 1566 3045 Veluti
1582 2969 1721 3047 etiarn·

169 3092 176 3167 i
214 3093 302 3173 huic
341 3094 558 3191 aequationi
600 3082 1471 3197 ayql(oa-xx-yy):xdoe4ydy
1509 3094 1720 3175 saussaciat

169 3242 239 3295 aec
272 3223 452 3319 aequatio
485 3220 589 3295 finita
620 3224 995 3320 ax-l-yyzoa,
1028 3238 1157 3299 tamen
1190 3248 1387 3301 enormem
1418 3246 1592 3299 errorem
1611 3244 1719 3299 cont·

169 3344 398 3439 rittcremus',
430 3346 464 3423 si
493 3370 580 3421 eam
613 3372 685 3446 pro
717 3345 892 3449 integrali
927 3348 1148 3448 particulari
1182 3352 1325 3428 habere
1357 3350 1561 3442 vellemus,
1595 3371 1717 3449 prop·

169 3494 250 3549 area
282 3473 385 3572 quod
418 3498 465 3551 ea
513 3471 553 3547 in
584 3471 761 3574 integrali
810 3476 1005 3573 completo
1045 3463 1719 3581 yzc-pswa-xx-yw
1783 3494 1787 3503 ·
1887 3452 1893 3461 ⁵

169 3597 356 3697 entiquam
389 3601 616 3679 continetur.
683 3600 945 3693 Quamobrem
994 3598 1065 3675 eni
1114 3623 1228 3674 omne
1267 3598 1454 3705 integrale
1497 3598 1717 3695 aequationi

169 3723 379 3801 id'erentinli
412 3727 635 3804 satisfacere
668 3725 800 3818 debet,
850 3738 979 3799 tamen
1021 3746 1098 3797 uon
1137 3722 1304 3802 vicissim
1345 3721 1573 3800 concludere
1605 3719 1716 3819 iicet,

169 3874 290 3929 mrtem
330 3852 594 3951 aequationem
637 3848 799 3943 finitam,
849 3873 949 3948 quoe
982 3848 1212 3940 aafissaciat,
1262 3849 1345 3951 ejus
1377 3870 1462 3925 etta
1495 3844 1715 3946 integrate3

169 4001 272 4055 erum
304 3993 507 4078 praeterea
540 3975 761 4074 requiritur,
795 3998 838 4051 ut
868 3998 916 4050 en
947 3986 1054 4052 certa
1088 3976 1253 4071 quadam
1275 3974 1512 4074 proprietate
1527 3971 1576 4049 sit
1593 3994 1711 4072 prte-

169 4105 237 4198 ita,
271 4104 484 4211 cujusmodi
516 4102 577 4181 hie
610 4100 872 4203 exposuimus,
912 4118 952 4177 et
984 4123 1059 4199 qna
1089 4101 1243 4177 demum
1276 4099 1465 4193 efficitur„
1505 4110 1549 4177 ut
1579 4099 1618 4179 in
1651 4096 1708 4177 itt·

169 4230 291 4330 agrali'
308 4232 502 4328 completo
543 4229 797 4305 contineatur.
861 4228 951 4304 Hoc
985 4238 1114 4301 autem
1146 4225 1298 4303 minime
1332 4226 1559 4302 adversatur
1590 4246 1710 4305 verte

169 4354 373 4463 tegraliniu
407 4355 573 4447 notioni,
605 4379 720 4455 quam
752 4353 813 4431 hic
843 4351 1112 4447 stabilivimua‚
1150 4376 1275 4450 neque
1306 4350 1520 4454 hujusmodi
1552 4350 1708 4431 dubium

169 4488 302 4581 mnam
334 4481 372 4557 in
405 4481 608 4583 integralis
637 4504 710 4580 per
742 4495 871 4559 certas
901 4478 1057 4581 regulas
1089 4477 1245 4555 inventa
1276 4479 1418 4557 cadere
1450 4486 1597 4579 potem
1634 4472 1707 4557 aaa

169 4620 283 4719 ntum
313 4606 572 4711 heimeradi
603 4606 871 4709 murratum.
915 4630 1015 4711 quae
1058 4604 1266 4689 divinando
1296 4604 1405 4706 quasi
1436 4622 1566 4684 mnus
1598 4620 1706 4683 otte·

1205 4738 1261 4813 tt
1655 4736 1662 4750 '
