4254 5716
277 434 337 506 aa
836 424 1076 506 eaeor
1136 428 1172 506 ι
1323 406 1329 411 ’
1380 380 1402 405 “

207 623 323 728 primi
358 632 504 732 gradus
536 628 728 707 relatione
759 646 1008 730 quaeruntur.
1075 632 1228 710 Scilicet
1258 631 1293 708 si
1324 629 1469 709 iunctio
1500 635 1672 731 quaesita
1704 610 1799 733 ἐς]

208 788 251 851 et
279 739 413 897 g:
426 805 468 877 p,
501 779 542 853 id
573 777 767 879 praesnti
800 794 971 879 oportet,
1002 794 1046 859 ut
1074 781 1280 880 proposita
1304 781 1538 880 aequatione
1571 808 1798 883 quacunque

202 920 306 1001 inter
355 946 490 1006 ternas
530 929 766 1029 quantitates
814 952 869 1021 x,
912 940 1014 1025 yet
1040 952 1084 1025 p,
1116 926 1206 1004 inde
1238 929 1387 1007 indoles
1418 930 1623 1007 functionis
1652 957 1694 1028 y,
1726 955 1798 1009 seu

204 1059 387 1150 tequatio
420 1055 521 1130 inter
550 1080 585 1128 x
618 1074 658 1130 et
688 1079 736 1151 y,
766 1055 863 1130 elisa
893 1056 1022 1130 littera
1064 1081 1107 1154 p,
1139 1056 1369 1134 inveniatur.
1433 1056 1618 1150 Quaestio
1666 1074 1794 1134 autern

203 1177 260 1255 sic
296 1183 337 1260 in
355 1216 360 1223 ·
367 1207 513 1284 genere
545 1181 749 1282 proposita
797 1181 900 1257 rires
932 1184 1139 1282 analyseos
1179 1184 1281 1260 adso
1311 1207 1498 1283 superare
1529 1184 1707 1279 videtur,
1753 1200 1798 1258 ut

204 1307 288 1408 ejus
319 1309 462 1388 solutio
499 1332 696 1408 nunqnam
728 1309 929 1407 expectari
961 1327 1093 1407 queat.
1158 1311 1206 1389 In
1254 1310 1410 1388 casibus
1439 1309 1556 1410 igitur
1588 1312 1798 1412 simplicio·

201 1432 308 1515 ribus
357 1437 459 1513 vires
495 1451 654 1513 nostrae
687 1450 778 1512 sunt
821 1438 1094 1533 exercendae,
1144 1439 1248 1515 inter
1297 1460 1396 1535 quos
1428 1438 1594 1536 primurn
1627 1438 1796 1514 occurrit

122 1620 125 1627 ,
203 1583 339 1658 casus,
390 1590 468 1664 quo
497 1589 526 1663 p
559 1563 746 1640 functioni
781 1561 950 1662 cuipiam
993 1564 1113 1664 ipsius
1152 1591 1187 1640 a·
1217 1583 1313 1667 puta
1346 1564 1387 1640 X
1420 1579 1626 1661 aequatur,
1673 1581 1716 1640 ut
1745 1565 1798 1641 sit

205 1671 410 1828 ἓ-ΞΣΧ,
441 1737 510 1788 sen
542 1703 850 1810 dyzlldx,
880 1711 1046 1811 ideoque
1078 1714 1265 1813 integrale
1296 1732 1408 1812 y:
1413 1715 1458 1812 s
1462 1704 1596 1794 Xdar
1626 1711 1798 1808 requira-

202 1869 295 1952 tur,
342 1858 382 1933 in
422 1883 499 1957 quo
533 1859 699 1959 primam
747 1857 960 1934 sectionem
1008 1857 1257 1934 collocamus.
1323 1859 1466 1935 verum
1517 1871 1557 1933 et
1588 1853 1649 1928 hic
1681 1874 1797 1930 casus

201 2007 278 2085 pro
312 1986 422 2062 varia
455 1986 582 2062 indole
615 1984 819 2061 functionis
851 1984 889 2058 X
925 1982 1108 2059 latissime
1140 1997 1270 2082 patet,
1302 2008 1352 2061 sc
1383 1984 1554 2083 plurimis
1592 1980 1797 2056 difficulte-

202 2111 307 2192 tibus
344 2112 582 2213 implieetur:
636 2112 738 2188 nude
777 2110 818 2185 in
849 2111 924 2185 hoe
956 2110 1086 2210 capite
1117 2111 1305 2209 ejusmodi
1351 2128 1500 2186 tautum
1550 2106 1797 2206 quaestiones

204 2238 389 2315 evolvere
420 2237 664 2331 instituimus,
696 2236 900 2335 inquibus
930 2236 1008 2311 ists
1039 2236 1187 2312 functio
1217 2236 1258 2310 X
1289 2256 1350 2312 est
1365 2235 1578 2311 rationalis:
1612 2232 1796 2331 deinceps

203 2365 257 2443 ed
304 2363 524 2444 functiones
570 2363 816 2441 irrationales
863 2382 980 2462 atque
1026 2363 1127 2437 adeo
1167 2363 1486 2438 transcendentes
1533 2357 1794 2460 progressui.

203 2491 307 2568 llinc
339 2491 414 2569 iste
445 2514 540 2592 pers
572 2489 778 2569 commnde
809 2487 851 2563 in
882 2488 980 2564 duas
1011 2488 1205 2564 sectiones
1237 2487 1511 2577 subdividitur,
1558 2484 1598 2559 in
1631 2508 1795 2581 quarum

204 2638 328 2719 alters
378 2637 587 2741 integratio
636 2635 890 2714 formularum
923 2632 1184 2733 simplicium,
1229 2630 1367 2731 quilius
1394 2594 1575 2746 p:}{
1608 2629 1795 2705 functioni

200 2807 353 2865 tantum
384 2785 505 2887 ipsius
535 2809 570 2861 x
601 2805 824 2885 aequatur,
871 2797 934 2855 est
965 2776 1168 2868 tradenda,
1214 2775 1255 2848 in
1286 2773 1410 2849 alters
1441 2793 1571 2846 sutem
1603 2772 1795 2849 rationem

200 2909 421 3013 integrandi
453 2909 588 2986 doceri
620 2907 838 2995 conveniet,
871 2926 960 2979 eum
991 2898 1196 2998 proposits
1229 2896 1345 2971 fuerit
1377 2897 1558 2994 aequatio
1591 2923 1793 2997 quaecun-

203 3058 278 3135 que
311 3035 483 3132 ipsarum
514 3055 560 3124 aa,
590 3051 622 3127 y
651 3049 691 3105 et
717 3052 760 3126 p.
808 3026 877 3099 'Et
907 3047 997 3100 eum
1027 3022 1066 3096 in
1099 3019 1157 3098 his
1189 3021 1338 3096 duabus
1369 3019 1615 3116 sectionibus,
1648 3049 1695 3099 ac
1718 3049 1794 3122 po-

201 3158 387 3237 tissimum
421 3154 565 3253 priore,
598 3178 623 3228 a
643 3148 864 3228 Geometris
896 3145 1104 3246 pharimurn
1134 3146 1185 3224 sit
1208 3145 1462 3241 eleboratum,
1496 3172 1567 3225 ese
1585 3151 1795 3228 maximam

200 3296 353 3386 partem
387 3279 506 3358 totius
538 3279 670 3379 operis
703 3274 966 3377 complebunt.

791 3530 1087 3610 Scholion
1156 3538 1199 3606 2.

334 3724 406 3792 lb.
442 3710 570 3786 l’rima
619 3730 748 3787 autern
780 3710 1047 3812 integrationis
1079 3711 1269 3811 principia
1300 3734 1348 3787 ex
1380 3713 1466 3814 ipso
1497 3717 1650 3792 calculo
1679 3719 1793 3795 diffe-

201 3839 352 3923 rentisli
386 3858 475 3915 sunt
506 3838 687 3937 petenda,
719 3837 880 3936 perinde
913 3860 960 3914 ac
993 3838 1182 3938 principia
1215 3839 1410 3916 divisionis
1443 3866 1490 3915 ex
1506 3843 1790 3940 multiplicatio·

199 3993 264 4065 ue,
296 3981 336 4044 et
368 3960 558 4067 principia
592 3962 844 4040 extractionis
875 3964 1050 4039 redicam
1082 3989 1130 4038 er
1161 3965 1314 4040 ratione
1348 3967 1559 4042 erectionis
1591 3970 1645 4042 ad
1672 3989 1788 4071 pote-

198 4111 318 4173 states
350 4090 448 4167 sumi
480 4087 618 4166 solent.
689 4090 789 4165 Cum
820 4086 936 4190 igitur
968 4090 1000 4166 si
1032 4091 1227 4189 quantitas
1258 4090 1554 4167 differentianda
1587 4117 1635 4168 er
1666 4097 1788 4196 pluri·

198 4221 271 4299 bus
303 4212 479 4319 partibus
512 4233 677 4309 constet,
710 4233 754 4291 ut
785 4213 1000 4312 P÷Q-R‚
1033 4219 1116 4319 ejus
1149 4218 1404 4293 differentiale
1437 4218 1486 4294 sit
1503 4211 1596 4297 dP÷
1608 4216 1790 4317 aQ-bll,
1835 4258 1838 4262 >

197 4346 254 4423 ita
285 4338 452 4421 violarim
485 4337 518 4415 si
551 4339 715 4417 formula
747 4341 1011 4419 differentialis
1043 4368 1091 4417 ex
1123 4344 1297 4441 pluribus
1327 4343 1502 4442 partibus
1535 4367 1708 4438 constet,
1743 4369 1785 4424 ut

197 4457 629 4564 Pac-l-Qda-Rdx,
669 4465 855 4568 integrale
888 4461 1160 4564 eritsde-l-
1169 4462 1373 4567 sde-
1381 4468 1691 4570 sRaasingulis
1710 4474 1787 4549 sci·

196 4594 286 4674 lieet
301 4592 476 4692 pertibus
499 4591 662 4668 seorsim
678 4591 928 4693 integrandis.
953 4593 1105 4669 Deinde
1123 4619 1212 4670 cum
1231 4593 1454 4692 quantitatis
1473 4595 1534 4666 ar
1549 4595 1786 4673 differentia·

198 4723 234 4800 la
264 4717 314 4797 sit
345 4711 444 4813 aar,
476 4717 665 4796 formulae
697 4718 960 4797 differentialis
976 4720 1099 4814 αΡὸω
1135 4719 1327 4824 integrale
1343 4718 1417 4794 erit
1432 4713 1617 4818 udex:
1637 4723 1789 4802 scilicet
