4254 5716
301 755 489 836 satisfacit
521 758 617 831 haec
653 749 830 853 aequatio
864 751 970 826 finita
1004 777 1083 830 xx
1104 758 1435 856 -l-yyssam
1482 763 1581 854 qua'e
1619 763 1752 832 ‘tallieu
1782 752 1947 834 iulet·

301 885 504 984 integralia
552 874 799 983 particularia
853 869 1000 956 admitti
1047 875 1198 982 nequit,
1247 885 1457 985 propterea
1499 874 1601 981 quod
1633 883 1672 960 in
1707 861 1947 987 integrtiifl

301 1012 496 1110 completo
551 1011 711 1109 ξιτ-..Ο
739 1013 853 1112 -l-ql
871 996 1319 1119 (oex4yy-ao)
1373 1010 1593 1108 neutiquam
1650 1012 1876 1090 continetur.
1905 1060 1947 1083 -

303 1137 436 1232 Quare
470 1141 519 1215 ad
554 1137 740 1239 integrale
774 1138 1119 1235 particularen0n
1152 1139 1309 1230 sufficit3
1360 1151 1403 1215 ut
1442 1163 1489 1214 eo
1524 1137 1742 1236 aequatioui
1775 1140 1947 1216 diue·-

300 1267 453 1343 rentioli
486 1266 663 1356 satisfiat,
697 1265 765 1340 sed
799 1264 956 1363 insuper
990 1268 1091 1342 hanc
1131 1265 1388 1342 conditionem
1431 1264 1588 1367 adjungi
1622 1279 1799 1365 oportet,
1843 1279 1882 1346 ut

301 1393 343 1469 iu
387 1395 565 1495 integrali
614 1393 808 1490 completo
860 1392 1122 1487 contineatur;
1171 1419 1219 1468 ax
1249 1418 1325 1492 quo
1364 1392 1607 1494 investigatio
1645 1392 1885 1493 integralium

302 1522 591 1622 particularium
640 1519 804 1597 maxime
837 1532 897 1595 est
930 1521 1095 1615 lubrica,
1144 1520 1215 1597 nisi
1265 1523 1375 1598 simul
1425 1520 1610 1621 integrale
1650 1521 1883 1620 completum

302 1648 542 1742 innotescat3
587 1651 663 1724 hoc
697 1640 823 1722 autem
857 1648 1011 1748 cognito
1044 1673 1323 1749 supervacuum
1357 1660 1460 1727 esset
1488 1648 1671 1723 methodo
1703 1647 1886 1748 peculiari

303 1773 344 1853 in
377 1776 580 1883 integpalia
609 1773 861 1885 particularia
894 1775 1099 1872 inquirere.
1161 1779 1259 1851 Tum
1292 1776 1394 1853 enim
1425 1775 1664 1876 potissimum
1692 1777 1808 1877 jurat
1836 1775 1885 1855 ad

282 1884 641 2005 investigationem
674 1900 916 2007 integralium
949 1904 1237 2003 particularium
1262 1906 1492 2006 confugeraq
1525 1903 1682 1999 quando
1700 1901 1887 2004 integrale

306 2032 541 2130 completum
588 2030 725 2109 elicere
774 2053 854 2105 non
898 2029 999 2105 licet.
1084 2033 1174 2128 Quo
1208 2031 1323 2132 igitur
1363 2031 1451 2107 hinc
1485 2030 1649 2106 fructum
1683 2028 1889 2132 percipere

305 2182 514 2259 queamus,
547 2158 702 2235 criteria
735 2156 835 2231 tradi
865 2157 1088 2254 conveniet,
1122 2185 1169 2234 ex
1202 2160 1337 2256 quibua
1370 2158 1542 2251 ratores,
1573 2156 1637 2253 qui
1670 2155 1891 2254 aequationi

307 2285 473 2386 cuipiam
505 2283 753 2362 differentiali
782 2283 1042 2381 satisfaciunt,
1073 2287 1284 2389 dijudicare
1317 2286 1452 2380 liceat,
1503 2297 1634 2361 utrum
1674 2282 1754 2360 sint
1794 2282 1894 2362 inte·

307 2413 432 2517 gralia
464 2413 737 2513 particularia,
783 2435 857 2486 neo
890 2412 968 2487 nei
1032 2414 1193 2492 Etiamsi
1241 2415 1387 2491 scilicet
1418 2411 1545 2490 omnia
1578 2409 1787 2512 integralis
1820 2411 1896 2489 aiut

308 2541 495 2645 ejusmodi
527 2542 703 2634 ratores,
736 2538 801 2636 qui
834 2541 1052 2639 aequationi
1085 2541 1328 2630 differentiali
1362 2538 1619 2632 satisfaciant,
1650 2549 1784 2614 tamen
1816 2562 1898 2616 uon

307 2666 477 2747 vicissim
511 2693 645 2746 omnes
679 2669 853 2762 ratores,
886 2668 950 2766 qui
983 2668 1245 2765 satisfaciunt,
1278 2683 1367 2746 sunt
1400 2665 1612 2768 integralis.
1665 2664 1784 2756 Quod
1807 2689 1900 2742 oum

308 2800 606 2900 parum-adhuc
639 2797 689 2874 sit
722 2796 1051 2895 animadversum,
1100 2824 1258 2903 operam
1290 2799 1415 2892 dabo,
1445 2807 1488 2872 ut
1518 2796 1593 2873 hoc
1628 2810 1902 2894 argumentum

309 2923 471 3003 dilucide
501 2927 691 3004 evolvam.

874 3191 1187 3270 Problema
1252 3193 1326 3272 70.

441 3433 545 3512 aar.
616 3430 651 3506 st
685 3432 722 3507 tn
756 3436 984 3533 aequatione
1016 3437 1258 3515 urerentur
1292 3399 1521 3574 oyzffg,
1555 3431 1696 3506 runcato
1730 3433 1774 3527 Q
1809 3458 1905 3512 eva-

301 3595 446 3661 nescat
478 3578 606 3678 posito
648 3604 822 3676 arza,
872 3586 1129 3664 determinare
1179 3588 1314 3686 quibus
1366 3587 1520 3664 casibus
1571 3581 1666 3654 haec
1716 3583 1903 3678 aequatio

306 3731 340 3780 ar
360 3727 421 3782 3:
440 3731 467 3780 a
503 3708 550 3784 sit
583 3708 771 3809 integrale
802 3713 1038 3811 particulare
1073 3715 1310 3814 aequationis
1349 3707 1611 3792 differentialis
1644 3709 1904 3807 propositae?

977 3983 1232 4060 Solutio.

463 4230 561 4307 Cum
597 4234 643 4310 sit
677 4197 884 4368 ng-J,
917 4232 1043 4333 posito
1077 4253 1204 4311 ae2ct
1244 4237 1286 4311 fit
1319 4245 1399 4313 tam
1433 4234 1548 4331 Q20
1589 4249 1704 4325 quam
1730 4187 1903 4357 ἔξεο,

309 4398 410 4475 unde
446 4401 506 4476 hic
540 4406 650 4483 valor
683 4427 714 4476 a·
729 4425 792 4481 Ξ·-
812 4427 840 4476 α
876 4402 1094 4499 aequatioui
1132 4402 1374 4481 differentiali
1416 4399 1642 4503 propositae
1675 4388 1701 4476 ὸ
1713 4417 1745 4492 y
1762 4359 1902 4532 :3323

279 4546 436 4653 ²utiquc
480 4548 688 4638 satisfacit,
736 4572 860 4644 neque
911 4569 1040 4623 tamen
1092 4546 1179 4623 hinc
1233 4549 1406 4649 sequitur
1453 4571 1541 4622 eum
1575 4568 1661 4623 esse
1693 4543 1903 4642 integrale.

310 4672 397 4750 Hoc
434 4676 559 4755 solum
594 4675 739 4756 scilieet
771 4697 850 4751 non
883 4672 1042 4767 suffitu,
1086 4677 1155 4751 sed
1187 4676 1347 4783 insuper
1380 4674 1603 4778 requiritur,
1647 4682 1689 4749 ut
1721 4671 1902 4768 requetio
