4254 5716
435 337 458 412 6
822 332 894 409 DE
930 329 1173 409 CALCULO
1207 331 1492 409 INTEGRALI

371 527 524 603 unicam
556 545 710 630 partem
744 531 878 612 calculi
912 532 1109 636 integralis
1143 533 1425 627 constituimus,
1477 532 1683 635 posteriori
1715 531 1813 609 libro
1848 543 1951 608 trac·

366 657 540 731 tandem.

450 896 473 937 f
502 882 707 959 Caeterum
752 888 852 962 haee
903 885 1024 960 altera
1057 904 1150 984 pars
1184 887 1224 960 in·
1254 887 1453 963 elementis
1501 890 1625 962 adhuc
1658 912 1845 987 nusquam
1895 900 1956 966 est

371 1019 560 1103 tractata,
594 1012 743 1088 etiarnsi
794 1013 874 1088 cius
906 1036 996 1088 usus
1030 1012 1067 1086 in
1102 1013 1334 1109 Mechanica
1367 1039 1412 1090 ac
1448 1015 1656 1114 praecipue
1707 1015 1956 1091 inrdoctrina

375 1132 579 1212 fluidorum
629 1139 782 1212 maximi
817 1141 864 1215 sit
896 1162 997 1215 usus.
1065 1138 1261 1230 Quocirca
1307 1166 1394 1214 curn
1428 1141 1465 1215 in
1500 1146 1573 1219 hoc
1608 1169 1749 1243 genere
1798 1154 1957 1242 praeter

373 1261 499 1359 prima
531 1264 748 1340 rudimenta
780 1266 842 1339 vix
875 1265 1078 1363 quicquam
1111 1266 1159 1342 sit
1187 1270 1440 1366 exploratum,
1473 1280 1607 1343 noster
1640 1270 1830 1346 secundus
1862 1269 1957 1344 liber

376 1386 425 1462 de
460 1389 608 1466 calculo
641 1390 817 1492 integrali
851 1394 1057 1467 admodum
1091 1396 1162 1467 erit
1195 1394 1354 1486 sterilis,
1408 1419 1454 1468 ac
1487 1409 1644 1493 practer
1678 1419 1957 1472 commemora·

373 1515 516 1590 tionem
552 1543 706 1612 eorum,
756 1544 854 1616 quae
889 1521 1012 1595 adhuc
1047 1520 1331 1610 desiderantur,
1383 1546 1520 1619 parum
1551 1525 1626 1597 erit
1659 1521 1959 1624 expectandum

375 1663 510 1718 rerum
542 1646 616 1720 hoc
648 1646 773 1745 ipsum
808 1646 857 1721 ad
890 1647 1072 1723 scientiae
1106 1645 1380 1723 incrementum
1431 1648 1590 1723 multum
1636 1654 1817 1728 conferre
1853 1646 1960 1722 vide·

371 1777 449 1844 tur„

962 1955 1260 2035 Definitio
1330 1967 1368 2035 4.

511 2171 582 2249 tt.
632 2169 808 2267 Uterque·
850 2171 899 2247 de
932 2172 1081 2246 calculo
1116 2172 1293 2273 integrali
1344 2172 1439 2248 liber
1471 2170 1675 2248 commode
1714 2168 1964 2246 subdividitur

379 2293 417 2368 in
451 2311 585 2394 partes
617 2322 691 2396 pro
725 2300 849 2396 gradu
882 2298 1200 2395 dilierentialiurn,
1235 2323 1281 2374 ert
1314 2325 1476 2398 quorum
1509 2297 1694 2373 relatione
1729 2297 1964 2372 unctionem

372 2424 592 2517 quaesitam
629 2425 850 2523 investigari
883 2438 1049 2523 oportet
1117 2428 1176 2502 lta
1209 2429 1335 2527 prima
1367 2450 1459 2526 pars
1494 2443 1670 2499 versatur
1705 2423 1743 2504 in
1776 2422 1965 2497 relatione

371 2548 684 2626 -tliffer·cntialium
712 2551 827 2647 primi
856 2553 1023 2648 gradus,
1073 2556 1243 2622 secunda
1276 2555 1314 2622 in
1347 2552 1532 2626 relatione
1568 2547 1871 2622 differentialium
1904 2572 1966 2624 se·

382 2676 494 2748 cundi
540 2677 719 2776 gradus,
768 2699 951 2772 quorsum
999 2674 1116 2748 etiarn
1151 2675 1419 2748 differentialis
1468 2672 1645 2749 altiorum
1695 2674 1882 2774 graduum
1915 2677 1966 2750 ob

374 2791 601 2878 tenuitatem
635 2827 781 2897 eorum,
814 2828 912 2900 quae
945 2802 1071 2880 adhuc
1104 2812 1193 2878 sunt
1224 2801 1467 2905 investigata,
1499 2800 1638 2877 referri
1667 2811 1844 2901 possunt.

901 3008 939 3085 C
962 3010 1332 3105 or-otllariuru
1402 3020 1440 3090 l.
1499 2986 1502 2991 .

429 3260 432 3265 .
517 3205 589 3272 11¹8.
619 3197 791 3293 ‘Uterque
819 3219 920 3296 ergo
948 3195 1050 3270 'liber
1085 3196 1276 3273 constabit
1304 3197 1453 3274 duabus
1486 3197 1684 3297 parturus,
1731 3193 1773 3268 in
1809 3216 1970 3292 quarunt

382 3321 517 3425 priore
553 3323 689 3397 relatio
725 3324 824 3397 inter
859 3323 1128 3396 differentialis
1178 3322 1291 3421 primi
1319 3321 1468 3422 >gradus
1501 3325 1705 3424 proposita
1747 3321 1971 3396 considera·

385 3452 498 3541 bitur,
534 3452 570 3525 in
603 3449 820 3550 posteriore
856 3475 948 3522 vcro
981 3450 1166 3525 eiusmodi
1202 3449 1476 3549 integrationes
1513 3463 1740 3544 occurrent,
1775 3447 1837 3523 vbi
1870 3448 1972 3523 rela-

385 3579 438 3653 tio
472 3576 571 3653 inter
605 3575 870 3651 dillcrcntialia
902 3577 1060 3651 secundi
1096 3575 1320 3650 altiorumve
1355 3579 1541 3679 graduum
1574 3578 1815 3680 proponit-un

914 3785 1332 3864 ¹corollarium
1399 3798 1439 3864 2.

525 3985 601 4056 Μ.
633 3974 678 4047 In
709 3973 826 4073 primi
854 3998 955 4073 :ergo
990 3973 1073 4072 libri
1102 3986 1218 4071 ,parte
1251 3972 1377 4070 prima
1410 3972 1596 4050 eiusmodi
1628 3972 1774 4048 functio
1807 3969 1974 4046 variabi-

388 4099 433 4176 lis
482 4126 514 4176 x
562 4102 790 4176 invenienda
838 4099 1096 4201 proponitur,
1163 4111 1205 4172 ut
1252 4100 1379 4198 posita
1424 4125 1474 4174 ea
1516 4102 1712 4176 functione
1764 4119 1889 4195 2y,
1938 4109 1979 4172 et

391 4210 577 4366 ἑξεῖ),
611 4250 747 4325 relatio
782 4274 1031 4347 quaecunque
1066 4250 1157 4322 data
1191 4247 1290 4322 inter
1307 4252 1376 4324 has
1410 4263 1489 4324 tres
1506 4247 1736 4344 quantitates
1769 4269 1813 4338 ac,
1844 4256 1977 4344 yetp

394 4396 665 4495 adimplentur:
717 4423 783 4472 seu
817 4396 1018 4497 proposita
1049 4419 1274 4494 <quacunque
1327 4395 1573 4492 aequatione
1604 4395 1703 4468 inter
1743 4398 1812 4468 has
1847 4407 1978 4467 ternas

394 4525 649 4619 quantitates,
700 4541 742 4600 ut
776 4526 922 4601 indoles
956 4524 1159 4601 functionis
1192 4547 1220 4622 y
1253 4545 1321 4598 seu
1354 4524 1532 4620 aequatio
1565 4523 1664 4598 inter
1694 4545 1727 4595 x
1759 4533 1799 4596 et
1830 4543 1859 4616 y
1891 4534 1976 4594 tan·

394 4663 483 4744 tum,
519 4651 672 4727 exclusa
700 4677 741 4750 p,
774 4667 941 4729 eruatur.
